3234 5125
301 438 354 492 420
576 433 898 489 MISOELLANEOUS
918 431 1133 488 CHARTERS.

302 608 385 670 hene
407 605 590 668 libertatem
617 611 752 681 mutere,
774 603 841 667 sive
864 603 899 666 in
923 603 1031 687 aliquo
1055 601 1263 666 sdniobillsre
1278 600 1328 662 vel
1350 599 1407 661 de-

302 729 442 793 pravere,
458 709 500 771 sit
522 707 577 770 ille
596 706 897 785 anathematizatus,
912 713 946 770 et
969 706 1006 769 in
1028 704 1221 770 Gehennsm
1243 703 1328 786 ignis
1350 701 1407 764 de-

302 833 436 888 mersus,
451 810 515 873 nisi
529 809 563 872 in
578 809 645 872 vita
659 831 717 872 sus
731 809 911 892 resipuerit.

523 1255 620 1310 KING
640 1255 842 1310 EADWARD
858 1254 937 1310 THE
955 1254 1183 1311 OONFESSOR.

347 1403 418 1483 Ego
432 1401 655 1480 Esduuerdus,
671 1401 734 1465 Dei
756 1401 860 1486 gretie
881 1422 937 1464 rex
951 1401 1144 1484 Anglorum,
1160 1400 1279 1464 Eedsio
1301 1397 1405 1462 erchi-

303 1505 460 1589 episoopo,
477 1513 510 1567 et
525 1505 654 1568 Godino
669 1504 790 1581 comiti,
806 1512 839 1567 et
853 1504 1002 1567 omnibus
1018 1503 1085 1576 suis
1099 1503 1275 1567 baronibus
1288 1499 1405 1564 Centie

303 1606 450 1670 salutem.
509 1606 625 1670 Sciatis
649 1627 701 1670 me
726 1606 851 1670 dedisse
872 1607 944 1670 Deo
967 1626 1005 1669 eo
1028 1607 1149 1669 Sancto
1163 1603 1348 1688 Augustino
1371 1609 1406 1664 et
1461 1658 1469 1669 .

303 1708 456 1772 fratribus
470 1719 507 1770 ut
527 1707 667 1771 habeant
682 1729 794 1772 eorum
808 1729 884 1771 sees
898 1717 931 1771 et
946 1729 1053 1787 soona,
1070 1717 1104 1772 et
1118 1708 1204 1792 pacis
1218 1707 1403 1781 fracturam,

304 1819 338 1874 et
362 1831 504 1893 pugnem
527 1811 562 1872 iu
586 1809 682 1873 domo
708 1810 837 1888 saetam,
856 1819 889 1874 et
912 1811 964 1874 vie
987 1812 1133 1889 assultus,
1148 1818 1182 1874 et
1206 1809 1347 1873 latrones
1368 1806 1404 1869 in

303 1921 391 1975 term
416 1932 474 1975 sus
496 1919 617 1995 coptos,
632 1912 859 1997 latronumque
883 1914 1118 1997 susceptionem
1143 1913 1191 1976 vel
1214 1912 1402 1996 pastionem,

304 2034 399 2098 super
412 2013 542 2077 illorum
560 2015 706 2097 proprios
720 2014 879 2093 homines,
893 2015 979 2078 infre
992 2015 1155 2080 civitatem
1170 2023 1203 2078 et
1218 2022 1317 2092 extre,
1332 2013 1402 2075 the-

303 2117 496 2198 loneumque
519 2136 614 2178 suum
638 2117 672 2178 iu
696 2123 783 2180 terra
802 2126 836 2180 et
857 2117 892 2180 iu
914 2139 1007 2200 sque,
1024 2125 1121 2200 atque
1140 2116 1403 2180 consuetudinem

305 2239 366 2302 que
381 2218 500 2282 dicitur
514 2226 645 2296 tesmes,
662 2226 695 2282 et
709 2239 805 2302 super
815 2240 927 2283 omnes
942 2220 1124 2284 allodiarios
1140 2241 1221 2304 quos
1239 2219 1284 2282 eis
1301 2217 1403 2282 habeo

303 2320 405 2385 datos.
449 2320 521 2384 Neo
538 2320 610 2384 volo
625 2321 805 2384 consentire
820 2329 858 2384 ut
873 2322 988 2404 aliquis
1002 2322 1038 2384 in
1057 2322 1165 2405 sliqus
1183 2344 1219 2386 re
1239 2321 1279 2385 de
1293 2321 1355 2383 hiis
1369 2341 1404 2382 se

303 2422 499 2486 intermittet
518 2421 581 2485 nisi
603 2443 714 2486 eornm
736 2423 890 2506 prepositi
904 2425 1020 2506 quibus
1040 2425 1101 2508 ipsi
1120 2425 1179 2488 hee
1201 2423 1403 2489 oommends·

302 2525 424 2603 verint3
448 2525 524 2609 quie
544 2525 647 2590 habeo
669 2526 729 2590 hos
754 2527 1003 2592 consuetudines
1018 2529 1088 2593 Deo
1111 2527 1207 2592 datus
1228 2535 1262 2592 et
1285 2529 1404 2591 Sancto

304 2628 498 2711 Augustino,
513 2648 571 2711 pro
591 2628 813 2711 redempcione
828 2630 935 2694 anime
949 2652 1030 2709 mee,
1045 2631 1093 2695 its
1107 2632 1245 2715 pleniter
1258 2640 1292 2694 et
1305 2630 1405 2693 libere

302 2730 509 2795 sioutmelius
524 2730 697 2795 habuerint
705 2738 850 2814 tempore
865 2732 1095 2815 predecessoris
1110 2734 1175 2797 mei
1185 2732 1292 2796 Knuti
1306 2731 1403 2814 regis3

302 2843 335 2899 et
355 2833 430 2898 nolo
450 2832 632 2897 oonsentire
646 2838 684 2897 ut
696 2833 812 2915 aliquis
826 2833 886 2897 heo
901 2834 1066 2917 infringet,
1083 2835 1179 2900 sicuti
1202 2856 1307 2899 meam
1323 2834 1402 2898 smi-

188 3026 190 3031 .
302 2936 412 3001 citium
426 2936 497 2999 vult
511 2934 640 2999 habere.

525 3380 622 3434 KING
640 3380 840 3435 EADWARD
857 3380 935 3434 THE
953 3380 1180 3436 comesos.

302 3548 325 3589 A
347 3546 462 3590 corrlr
482 3546 573 3590 MADB
599 3547 639 3589 ΟΡ
657 3548 679 3589 Δ
699 3546 833 3589 ursuni·
858 3548 901 3589 ΒΥ
923 3547 1006 3590 KING
1029 3548 1170 3591 EDWABD
1190 3546 1317 3591 cuturn
1339 3547 1404 3589 'PER

368 3649 561 3707 comesos,
583 3650 708 3693 Beroen
736 3640 802 3692 'Mili
831 3649 1014 3707 coriander,
1040 3650 1109 3692 ΛΝΒ
1132 3649 1339 3693 erudirere
1367 3649 1407 3691 ΟΡ

369 3752 499 3795 RECOBD
515 3752 552 3793 IN
569 3751 635 3794 THE
652 3751 866 3800 EXCHEQUER.

476 3882 554 3947 Iehe
569 3882 717 3947 Edoverd
733 3883 832 3965 kinge
846 3882 928 3946 heve
942 3903 1043 3966 yeven

477 3986 525 4049 Of
535 4007 590 4068 my
605 3985 739 4049 forreste
754 3983 811 4047 the
825 3984 980 4067 keepinge
1315 4067 1319 4073 Ι

477 4087 525 4151 Os
534 4088 591 4151 the
605 4082 768 4150 hundreth
783 4086 820 4149 of
830 4086 982 4150 Obelmer
997 4086 1061 4149 end
1075 4087 1256 4169 Dswnoing

477 4191 524 4254 Το
539 4188 710 4272 Randolph
726 4188 907 4271 Peperking
922 4189 985 4252 end
998 4189 1050 4253 his
1064 4189 1202 4273 kinling‚

476 4291 589 4354 Witbe
604 4291 677 4354 burt
692 4291 756 4353 end
770 4290 878 4369 hinde,
894 4292 936 4354 do
951 4292 1014 4354 end
1028 4291 1146 4369 bobbo,

480 4394 569 4457 Here
585 4392 648 4457 end
662 4392 727 4471 fox,
744 4399 811 4455 cett
826 4393 888 4456 and
904 4392 1034 4472 brooke,
