3234 5125
476 428 796 485 fflscmnrreous
815 428 1031 485 OHAR'PERS.
1252 426 1305 479 263

201 601 323 686 busque
343 602 444 686 ipsius
465 602 632 685 regiminis
656 600 856 685 sapientibus
879 610 912 665 et
929 599 1126 685 principibus
1148 604 1304 662 attestan-

200 704 288 768 tibus
302 713 337 770 et
351 706 637 770 consentientibus.
675 705 750 769 Hoc
763 712 860 787 pacto
875 704 920 768 eis
935 712 1038 768 terras
1053 708 1162 767 sancte
1176 698 1307 765 ecclesie

203 808 263 872 sub
283 829 336 872 me
357 816 469 873 tenere
489 809 651 873 conccffl:
674 808 737 871 hoc
758 814 818 885 est,
835 813 873 869 ut
887 805 992 870 omnis
1013 803 1179 889 equitandi
1201 803 1252 865 lex
1267 800 1308 864 ab

201 910 247 973 eis
266 910 517 995 impleaturque
539 911 581 975 ad
602 911 728 994 equites
747 908 898 994 pertinet,
915 916 948 973 et
970 916 1009 972 ut
1028 907 1167 992 pleniter
1188 903 1307 989 persol-

203 1022 281 1077 vant
291 1014 402 1077 omnia
414 1036 477 1097 que
492 1014 599 1098 adjus
613 1014 714 1097 ipsius
729 1012 864 1077 ecclesie
874 1012 963 1098 juste
977 1016 1176 1095 competunt,
1186 1008 1309 1071 scilicet

203 1136 242 1179 eo
263 1137 325 1199 que
347 1117 486 1200 Anglice
511 1116 663 1181 dicuntur
691 1115 882 1194 ciricscectt,
903 1134 922 1197 Ἰ
943 1114 1013 1193 toll,
1031 1114 1053 1177 i.
1064 1135 1092 1178 e.
1111 1112 1307 1188 theloneum,

204 1239 224 1300 3
240 1226 321 1297 tace,
336 1218 358 1283 i.
370 1240 398 1283 e.
415 1219 617 1298 swinsceade,
638 1227 672 1282 et
686 1226 793 1283 cetera
811 1218 887 1302 jura
906 1216 1048 1295 ecclesie,
1064 1215 1128 1279 nisi
1143 1214 1310 1299 episcopus

205 1320 283 1404 quid
305 1321 401 1386 alicui
415 1342 528 1386 eorum
541 1321 719 1406 perdonare
732 1321 881 1399 voluerit,
898 1340 1039 1403 seseque,
1057 1317 1211 1403 quamdiu
1224 1316 1311 1399 ipsas

204 1431 306 1488 terras
335 1432 459 1503 tenent,
482 1424 519 1487 in
547 1422 708 1488 mandatis
735 1423 900 1508 pontificis
923 1422 1090 1487 humiliter
1118 1442 1193 1485 cum
1221 1418 1311 1483 omni

206 1526 404 1611 subjectione
427 1526 745 1611 perseverare'etiam
760 1526 973 1611 jurejurando
991 1526 1161 1589 affirment.
1207 1524 1311 1605 Super

205 1630 265 1694 hec
275 1630 376 1694 ctiam
390 1629 432 1693 od
445 1630 552 1693 omnis
565 1628 724 1693 industrie
739 1629 880 1714 episcopi
894 1628 1108 1711 indigentiam
1123 1626 1312 1709 semetipsos

206 1740 313 1817 presto
336 1732 537 1817 impendant,
553 1753 653 1817 equos
673 1738 828 1816 prestent,
844 1731 906 1816 ipsi
928 1732 1084 1815 equitent,
1100 1729 1188 1794 etad
1205 1734 1311 1793 totum

207 1836 425 1920 piramiticum
448 1858 529 1920 opus
552 1836 685 1901 ecclesie
710 1834 818 1913 calcis,
834 1841 932 1920 atque
955 1834 995 1898 ad
1017 1833 1126 1918 pontis
1151 1831 1311 1896 editicium

207 1939 294 2004 ultro
318 1938 526 2004 inveniantur
547 1938 663 2023 parati.
716 1938 782 2001 Sed
804 1946 839 2001 et
858 1938 1037 2002 venationis
1061 1957 1168 2021 sepem
1191 1933 1313 1999 domini

208 2042 347 2127 episcopi
361 2042 501 2107 ultronei
512 2041 553 2105 ad
562 2040 776 2106 edificandum
786 2041 1020 2126 repperiantur,
1031 2061 1160 2123 rusque,
1172 2038 1313 2124 quando-

208 2166 345 2228 cumque
367 2144 501 2209 domino
525 2144 672 2229 episcopo
695 2144 837 2223 libuerit,
855 2143 1014 2208 venabula
1038 2142 1201 2207 destinent
1217 2162 1313 2207 vena-

208 2255 301 2327 tum;
323 2248 455 2332 insuper
469 2246 509 2311 ad
530 2248 650 2311 multus
672 2248 751 2311 alias
772 2247 952 2329 indigentie
967 2266 1088 2325 causes,
1104 2245 1221 2330 quibus
1236 2264 1315 2328 opus

210 2360 259 2415 est
276 2352 408 2416 domino
434 2350 575 2415 antistiti
594 2370 668 2433 sepe
687 2350 833 2429 frunisci
861 2350 927 2413 sive
949 2349 991 2414 ed
1021 2370 1115 2412 suum
1139 2348 1315 2425 servitium,

210 2456 276 2519 sive
295 2454 337 2518 ad
353 2455 461 2538 regale
484 2453 687 2537 explendum,
707 2472 833 2537 semper
853 2452 940 2517 illins
962 2450 1195 2517 archiductoris
1206 2450 1316 2516 ¹domi·

210 2558 302 2622 natui
316 2557 519 2622 etvoluntati
539 2556 595 2640 qui
609 2556 807 2641 episcopatui
817 2555 969 2640 presidet,
980 2563 1112 2640 propter
1125 2554 1318 2619 beneficium
1346 2615 1348 2620 .

212 2661 298 2744 qnod
318 2661 383 2726 illis
404 2659 575 2745 prestitum
596 2668 654 2739 est,
671 2680 746 2724 cum
760 2659 850 2724 omni
865 2658 1050 2723 humilitate
1068 2667 1101 2724 et
1119 2657 1317 2742 subjectione

212 2763 334 2827 subditi
358 2763 450 2842 fiant,
465 2762 644 2827 secundum
665 2762 766 2846 ipsius
785 2761 985 2826 voluntatem
1006 2768 1039 2824 et
1056 2769 1216 2826 terrarum
1238 2782 1318 2844 quas

213 2867 347 2951 quisque
369 2865 514 2950 possidet
531 2865 757 2949 quantitatem.
802 2866 948 2929 Decurso
971 2871 1080 2940 autem
1102 2863 1219 2948 prefati
1236 2871 1317 2927 tem·

211 2971 298 3054 poris
326 2969 497 3048 curriculo,
523 2968 672 3033 videlicet
697 2967 835 3032 duormn
864 2975 938 3052 post
969 2987 1024 3032 eos
1054 2966 1194 3052 quiens
1224 2965 1320 3029 modo

211 3072 376 3157 possident
392 3071 548 3136 heredum
562 3071 628 3135 vite
646 3071 760 3156 spatio,
776 3069 812 3134 in
830 3070 929 3154 ipsius
951 3069 1105 3134 antistitis
1126 3070 1169 3133 sit
1188 3069 1321 3133 arbitrio

213 3175 290 3259 qnid
311 3175 387 3240 iude
402 3174 490 3253 velit,
505 3181 538 3238 et
553 3174 714 3257 quomodo
729 3173 779 3237 sui
793 3173 876 3238 velle
891 3173 934 3237 sit
948 3172 1025 3237 inde
1038 3173 1086 3236 ita
1105 3179 1179 3252 stet,
1196 3172 1262 3236 sive
1280 3172 1321 3234 ad

214 3300 309 3342 suum
330 3299 411 3361 opus
430 3298 484 3341 eas
500 3267 650 3354 retinere,
667 3275 696 3338 si
715 3276 762 3340 sic
785 3275 848 3339 sibi
866 3275 947 3338 utile
961 3274 1165 3359 judicaverit,
1181 3277 1247 3340 sive
1269 3295 1322 3338 eas

214 3380 310 3444 alicui
334 3379 457 3443 diutius
483 3378 682 3462 prestare,si
705 3378 751 3442 sic
775 3377 838 3442 sibi
861 3377 1028 3462 placuerit,
1050 3378 1146 3456 velit;
1169 3378 1217 3442 ita
1239 3377 1321 3442 dnn·

213 3491 314 3562 taxat,
332 3489 371 3546 ut
394 3503 521 3566 semper
539 3480 673 3546 ecclesie
692 3481 823 3545 servitia
846 3481 993 3565 pleniter,
1009 3489 1047 3544 ut
1066 3482 1181 3565 prefati
1200 3503 1322 3560 sumus,

214 3586 289 3651 inde
308 3583 542 3670 persolvantur.
587 3584 650 3648 Ast
673 3583 702 3648 si
726 3583 806 3667 quid
826 3583 1037 3667 prefatorum,
1053 3583 1163 3647 delicti
1183 3584 1322 3668 prevari-

215 3689 320 3754 cantis
334 3709 442 3767 causa,
457 3686 597 3752 defirerit
608 3687 731 3770 jurum,
746 3686 1008 3769 prevaricationis
1030 3685 1195 3764 delictum,
1211 3707 1323 3750 seeun-

216 3793 294 3856 dum
306 3791 392 3876 quod
406 3791 544 3875 presulis
555 3791 610 3874 jus
625 3794 685 3868 est,
697 3787 859 3867 emendet,
870 3796 927 3852 aut
936 3787 1002 3867 illo,
1014 3809 1078 3872 quo
1093 3795 1189 3852 antea
1202 3789 1325 3871 potitus

216 3905 276 3976 cat,
291 3896 377 3961 dono
401 3903 435 3959 et
452 3903 539 3959 terra
564 3900 681 3958 careat.
727 3891 764 3956 Si
787 3891 860 3974 quis
882 3912 968 3970 vero,
990 3891 1117 3955 diabolo
1138 3891 1325 3974 instigante>

216 3998 303 4083 qnod
325 3998 460 4062 minime
482 4006 642 4082 optamus,
657 3995 814 4073 extiterit,
830 3995 887 4078 qui
901 4015 958 4078 per
972 4001 1120 4058 nostrum
1134 3993 1326 4057 beneficium

217 4102 385 4167 ecclesiam
409 4101 483 4180 Dei,
507 4099 620 4164 fraude
649 4120 707 4163 seu
732 4099 775 4178 vi,
800 4117 859 4161 sue
886 4097 1088 4182 possessione
1117 4103 1174 4160 cut
1197 4096 1327 4168 servitio

217 4206 328 4270 debito
349 4204 476 4288 privare
498 4202 713 4287 temptaverit,
728 4202 798 4286 ipse
813 4210 925 4266 nostra
939 4201 1090 4284 omnique
1105 4199 1328 4265 benedictione

219 4309 283 4392 Dei
302 4315 336 4373 et
356 4315 543 4372 sanctorum
563 4307 633 4389 ejus
651 4304 805 4390 privetur,
822 4305 885 4368 nisi
907 4303 1157 4388 profundissima
1178 4302 1327 4366 ernenda-

219 4414 309 4477 tione
337 4412 418 4476 illud
449 4411 608 4493 corrigere
631 4408 770 4486 studeat,
789 4417 823 4471 ct
843 4408 883 4472 ad
907 4407 1079 4491 pristinum
1103 4411 1223 4470 statum
1244 4405 1328 4488 qnod
