<?xml version="1.0" encoding="UTF-8"?>
<!DOCTYPE html PUBLIC "-//W3C//DTD XHTML 1.0 Transitional//EN"
    "http://www.w3.org/TR/xhtml1/DTD/xhtml1-transitional.dtd">
<html xmlns="http://www.w3.org/1999/xhtml" xml:lang="en" lang="en">
 <head>
  <title>
</title>
<meta http-equiv="Content-Type" content="text/html;charset=utf-8" />
  <meta name='ocr-system' content='tesseract 3.04.00' />
  <meta name='ocr-capabilities' content='ocr_page ocr_carea ocr_par ocr_line ocrx_word'/>
</head>
<body>
  <div class='ocr_page' id='page_1' title='image "./diplomatariuman02thorgoog_0558.png"; bbox 0 0 3234 5125; ppageno 0'>
   <div class='ocr_carea' id='block_1_1' title="bbox 793 628 973 684">
    <p class='ocr_par' dir='ltr' id='par_1_1' title="bbox 793 628 973 684">
     <span class='ocr_line' id='line_1_1' title="bbox 793 628 973 684; baseline -0.011 0"><span class='ocrx_word' id='word_1_1' title='bbox 793 628 973 684; x_wconf 74' lang='lat' dir='ltr'><strong>ALFHILD.</strong></span> 
     </span>
    </p>
   </div>
   <div class='ocr_carea' id='block_1_2' title="bbox 327 770 1436 1118">
    <p class='ocr_par' dir='ltr' id='par_1_2' title="bbox 327 770 1436 1118">
     <span class='ocr_line' id='line_1_2' title="bbox 327 770 1435 831; baseline 0.001 -16"><span class='ocrx_word' id='word_1_2' title='bbox 327 771 423 816; x_wconf 72' lang='lat' dir='ltr'>venun</span> <span class='ocrx_word' id='word_1_3' title='bbox 438 773 496 816; x_wconf 79' lang='lat' dir='ltr'>sm</span> <span class='ocrx_word' id='word_1_4' title='bbox 512 771 761 816; x_wconf 79' lang='lat' dir='ltr'>cvnoomvnuu</span> <span class='ocrx_word' id='word_1_5' title='bbox 774 771 915 814; x_wconf 73' lang='lat' dir='ltr'>numm:</span> <span class='ocrx_word' id='word_1_6' title='bbox 930 770 1435 831; x_wconf 75' lang='lat' dir='ltr'>conmsss,nxonvssnvwonn1</span> 
     </span>
     <span class='ocr_line' id='line_1_3' title="bbox 380 874 1436 934; baseline 0 -14"><span class='ocrx_word' id='word_1_7' title='bbox 380 876 525 934; x_wconf 79' lang='lat' dir='ltr'>comme,</span> <span class='ocrx_word' id='word_1_8' title='bbox 541 874 704 927; x_wconf 81' lang='lat' dir='ltr'>cuouooo</span> <span class='ocrx_word' id='word_1_9' title='bbox 720 875 757 918; x_wconf 80' lang='lat' dir='ltr'>in</span> <span class='ocrx_word' id='word_1_10' title='bbox 774 876 855 919; x_wconf 77' lang='lat' dir='ltr'>mm</span> <span class='ocrx_word' id='word_1_11' title='bbox 869 875 1081 919; x_wconf 74' lang='lat' dir='ltr'>concussum</span> <span class='ocrx_word' id='word_1_12' title='bbox 1096 875 1298 920; x_wconf 78' lang='lat' dir='ltr'>nssmmvm</span> <span class='ocrx_word' id='word_1_13' title='bbox 1312 877 1436 920; x_wconf 80' lang='lat' dir='ltr'>scens-</span> 
     </span>
     <span class='ocr_line' id='line_1_4' title="bbox 380 974 1435 1033; baseline 0.001 -15"><span class='ocrx_word' id='word_1_14' title='bbox 380 975 432 1018; x_wconf 86' lang='lat' dir='ltr'>sm</span> <span class='ocrx_word' id='word_1_15' title='bbox 450 975 637 1018; x_wconf 77' lang='lat' dir='ltr'>munsnusv</span> <span class='ocrx_word' id='word_1_16' title='bbox 658 975 830 1018; x_wconf 78' lang='lat' dir='ltr'>umnonnu</span> <span class='ocrx_word' id='word_1_17' title='bbox 850 975 892 1018; x_wconf 81' lang='lat' dir='ltr'>m</span> <span class='ocrx_word' id='word_1_18' title='bbox 906 974 1137 1018; x_wconf 79' lang='lat' dir='ltr'>wsnmvomu</span> <span class='ocrx_word' id='word_1_19' title='bbox 1157 975 1198 1018; x_wconf 78' lang='lat' dir='ltr'>un</span> <span class='ocrx_word' id='word_1_20' title='bbox 1221 976 1435 1033; x_wconf 72' lang='lat' dir='ltr'>immensu,</span> 
     </span>
     <span class='ocr_line' id='line_1_5' title="bbox 382 1059 754 1118; baseline 0.003 -1"><span class='ocrx_word' id='word_1_21' title='bbox 382 1074 423 1117; x_wconf 80' lang='lat' dir='ltr'>nv</span> <span class='ocrx_word' id='word_1_22' title='bbox 438 1074 658 1118; x_wconf 78' lang='lat' dir='ltr'>nvvumunu.</span> <span class='ocrx_word' id='word_1_23' title='bbox 742 1059 754 1084; x_wconf 82' lang='lat'>⁸</span> 
     </span>
    </p>
   </div>
   <div class='ocr_carea' id='block_1_3' title="bbox 325 1184 1438 1786">
    <p class='ocr_par' dir='ltr' id='par_1_3' title="bbox 325 1184 1438 1786">
     <span class='ocr_line' id='line_1_6' title="bbox 371 1184 1436 1269; baseline -0.003 -18"><span class='ocrx_word' id='word_1_24' title='bbox 371 1187 413 1252; x_wconf 92' lang='lat' dir='ltr'>Iu</span> <span class='ocrx_word' id='word_1_25' title='bbox 436 1186 567 1251; x_wconf 91' lang='lat' dir='ltr'>nomine</span> <span class='ocrx_word' id='word_1_26' title='bbox 590 1184 724 1251; x_wconf 89' lang='lat' dir='ltr'>Domini</span> <span class='ocrx_word' id='word_1_27' title='bbox 742 1185 804 1250; x_wconf 91' lang='lat' dir='ltr'>Dei</span> <span class='ocrx_word' id='word_1_28' title='bbox 826 1185 956 1250; x_wconf 89' lang='lat' dir='ltr'>summi.</span> <span class='ocrx_word' id='word_1_29' title='bbox 1001 1185 1074 1269; x_wconf 83' lang='lat' dir='ltr'>Ego</span> <span class='ocrx_word' id='word_1_30' title='bbox 1085 1184 1187 1248; x_wconf 77' lang='lat' dir='ltr'>Alfild</span> <span class='ocrx_word' id='word_1_31' title='bbox 1210 1193 1325 1248; x_wconf 89' lang='lat' dir='ltr'>notum</span> <span class='ocrx_word' id='word_1_32' title='bbox 1347 1185 1436 1249; x_wconf 75' lang='lat' dir='ltr'>facio</span> 
     </span>
     <span class='ocr_line' id='line_1_7' title="bbox 326 1287 1434 1373; baseline -0.003 -19"><span class='ocrx_word' id='word_1_33' title='bbox 326 1290 477 1355; x_wconf 87' lang='lat' dir='ltr'>omnihus</span> <span class='ocrx_word' id='word_1_34' title='bbox 491 1289 604 1354; x_wconf 80' lang='lat' dir='ltr'>amicis</span> <span class='ocrx_word' id='word_1_35' title='bbox 617 1289 699 1353; x_wconf 90' lang='lat' dir='ltr'>meis</span> <span class='ocrx_word' id='word_1_36' title='bbox 715 1287 877 1373; x_wconf 89' lang='lat' dir='ltr'>quomodo</span> <span class='ocrx_word' id='word_1_37' title='bbox 892 1288 1035 1373; x_wconf 73' lang='lat' dir='ltr'>disposui</span> <span class='ocrx_word' id='word_1_38' title='bbox 1049 1288 1089 1351; x_wconf 88' lang='lat' dir='ltr'>de</span> <span class='ocrx_word' id='word_1_39' title='bbox 1103 1288 1198 1352; x_wconf 88' lang='lat' dir='ltr'>rebus</span> <span class='ocrx_word' id='word_1_40' title='bbox 1212 1297 1245 1351; x_wconf 83' lang='lat' dir='ltr'>et</span> <span class='ocrx_word' id='word_1_41' title='bbox 1256 1287 1434 1372; x_wconf 86' lang='lat' dir='ltr'>possessio-</span> 
     </span>
     <span class='ocr_line' id='line_1_8' title="bbox 325 1391 1434 1478; baseline -0.002 -22"><span class='ocrx_word' id='word_1_42' title='bbox 325 1393 421 1458; x_wconf 81' lang='lat' dir='ltr'>nibus</span> <span class='ocrx_word' id='word_1_43' title='bbox 444 1393 536 1472; x_wconf 84' lang='lat' dir='ltr'>meis,</span> <span class='ocrx_word' id='word_1_44' title='bbox 555 1415 634 1478; x_wconf 81' lang='lat' dir='ltr'>quus</span> <span class='ocrx_word' id='word_1_45' title='bbox 655 1391 704 1456; x_wconf 87' lang='lat' dir='ltr'>vir</span> <span class='ocrx_word' id='word_1_46' title='bbox 730 1413 821 1456; x_wconf 88' lang='lat' dir='ltr'>mens</span> <span class='ocrx_word' id='word_1_47' title='bbox 835 1392 1014 1456; x_wconf 85' lang='lat' dir='ltr'>Alfvoldus</span> <span class='ocrx_word' id='word_1_48' title='bbox 1036 1413 1156 1470; x_wconf 80' lang='lat' dir='ltr'>comcs,</span> <span class='ocrx_word' id='word_1_49' title='bbox 1171 1391 1271 1456; x_wconf 76' lang='lat' dir='ltr'>irater</span> <span class='ocrx_word' id='word_1_50' title='bbox 1285 1391 1434 1454; x_wconf 83' lang='lat' dir='ltr'>AEilwini</span> 
     </span>
     <span class='ocr_line' id='line_1_9' title="bbox 327 1493 1438 1578; baseline -0.005 -17"><span class='ocrx_word' id='word_1_51' title='bbox 327 1496 536 1576; x_wconf 76' lang='lat' dir='ltr'>sldcnnnuni,</span> <span class='ocrx_word' id='word_1_52' title='bbox 553 1495 634 1560; x_wconf 88' lang='lat' dir='ltr'>mihi</span> <span class='ocrx_word' id='word_1_53' title='bbox 648 1502 682 1559; x_wconf 76' lang='lat' dir='ltr'>et</span> <span class='ocrx_word' id='word_1_54' title='bbox 695 1495 805 1560; x_wconf 83' lang='lat' dir='ltr'>liberis</span> <span class='ocrx_word' id='word_1_55' title='bbox 827 1494 909 1559; x_wconf 84' lang='lat' dir='ltr'>meis</span> <span class='ocrx_word' id='word_1_56' title='bbox 929 1495 1097 1560; x_wconf 76' lang='lat' dir='ltr'>concessit.</span> <span class='ocrx_word' id='word_1_57' title='bbox 1142 1493 1309 1578; x_wconf 88' lang='lat' dir='ltr'>Imprimis</span> <span class='ocrx_word' id='word_1_58' title='bbox 1331 1494 1438 1578; x_wconf 84' lang='lat' dir='ltr'>igitur</span> 
     </span>
     <span class='ocr_line' id='line_1_10' title="bbox 326 1597 1435 1678; baseline -0.006 -12"><span class='ocrx_word' id='word_1_59' title='bbox 326 1599 467 1666; x_wconf 85' lang='lat' dir='ltr'>concedo</span> <span class='ocrx_word' id='word_1_60' title='bbox 482 1601 561 1678; x_wconf 89' lang='lat' dir='ltr'>Deo,</span> <span class='ocrx_word' id='word_1_61' title='bbox 577 1607 610 1664; x_wconf 86' lang='lat' dir='ltr'>et</span> <span class='ocrx_word' id='word_1_62' title='bbox 626 1601 744 1664; x_wconf 80' lang='lat' dir='ltr'>Sancte</span> <span class='ocrx_word' id='word_1_63' title='bbox 760 1598 878 1677; x_wconf 74' lang='lat' dir='ltr'>Music,</span> <span class='ocrx_word' id='word_1_64' title='bbox 892 1606 926 1662; x_wconf 81' lang='lat' dir='ltr'>et</span> <span class='ocrx_word' id='word_1_65' title='bbox 942 1599 1063 1662; x_wconf 77' lang='lat' dir='ltr'>Sancto</span> <span class='ocrx_word' id='word_1_66' title='bbox 1077 1597 1254 1661; x_wconf 69' lang='lat' dir='ltr'>Benedicta)</span> <span class='ocrx_word' id='word_1_67' title='bbox 1269 1597 1435 1674; x_wconf 80' lang='lat' dir='ltr'>Remesie,</span> 
     </span>
     <span class='ocr_line' id='line_1_11' title="bbox 327 1699 1435 1786; baseline -0.004 -20"><span class='ocrx_word' id='word_1_68' title='bbox 327 1709 447 1766; x_wconf 84' lang='lat' dir='ltr'>terrem</span> <span class='ocrx_word' id='word_1_69' title='bbox 465 1701 504 1766; x_wconf 90' lang='lat' dir='ltr'>de</span> <span class='ocrx_word' id='word_1_70' title='bbox 521 1703 684 1786; x_wconf 79' lang='lat' dir='ltr'>Ryptous‚</span> <span class='ocrx_word' id='word_1_71' title='bbox 705 1709 738 1765; x_wconf 83' lang='lat' dir='ltr'>et</span> <span class='ocrx_word' id='word_1_72' title='bbox 756 1709 878 1765; x_wconf 78' lang='lat' dir='ltr'>terrani</span> <span class='ocrx_word' id='word_1_73' title='bbox 901 1701 941 1764; x_wconf 92' lang='lat' dir='ltr'>de</span> <span class='ocrx_word' id='word_1_74' title='bbox 956 1699 1164 1777; x_wconf 81' lang='lat' dir='ltr'>Wenintons‚</span> <span class='ocrx_word' id='word_1_75' title='bbox 1185 1709 1219 1764; x_wconf 85' lang='lat' dir='ltr'>et</span> <span class='ocrx_word' id='word_1_76' title='bbox 1243 1709 1365 1764; x_wconf 79' lang='lat' dir='ltr'>terram</span> <span class='ocrx_word' id='word_1_77' title='bbox 1389 1699 1435 1763; x_wconf 83' lang='lat' dir='ltr'>de</span> 
     </span>
    </p>
   </div>
   <div class='ocr_carea' id='block_1_4' title="bbox 290 1803 1436 3211">
    <p class='ocr_par' dir='ltr' id='par_1_4' title="bbox 290 1803 1436 3211">
     <span class='ocr_line' id='line_1_12' title="bbox 326 1803 1434 1888; baseline -0.002 -20"><span class='ocrx_word' id='word_1_78' title='bbox 326 1805 491 1882; x_wconf 80' lang='lat' dir='ltr'>Elintons,</span> <span class='ocrx_word' id='word_1_79' title='bbox 503 1804 587 1868; x_wconf 83' lang='lat' dir='ltr'>sicut</span> <span class='ocrx_word' id='word_1_80' title='bbox 601 1803 773 1888; x_wconf 67' lang='lat' dir='ltr'>predictus</span> <span class='ocrx_word' id='word_1_81' title='bbox 788 1805 837 1866; x_wconf 86' lang='lat' dir='ltr'>vir</span> <span class='ocrx_word' id='word_1_82' title='bbox 847 1825 939 1867; x_wconf 87' lang='lat' dir='ltr'>meus</span> <span class='ocrx_word' id='word_1_83' title='bbox 948 1803 1127 1866; x_wconf 85' lang='lat' dir='ltr'>Alfvvoldus</span> <span class='ocrx_word' id='word_1_84' title='bbox 1141 1824 1194 1866; x_wconf 83' lang='lat' dir='ltr'>ens</span> <span class='ocrx_word' id='word_1_85' title='bbox 1206 1803 1310 1867; x_wconf 79' lang='lat' dir='ltr'>adhuc</span> <span class='ocrx_word' id='word_1_86' title='bbox 1320 1803 1434 1867; x_wconf 81' lang='lat' dir='ltr'>vivens</span> 
     </span>
     <span class='ocr_line' id='line_1_13' title="bbox 326 1906 1434 1985; baseline -0.002 -13"><span class='ocrx_word' id='word_1_87' title='bbox 326 1908 398 1972; x_wconf 79' lang='lat' dir='ltr'>vivs</span> <span class='ocrx_word' id='word_1_88' title='bbox 412 1927 488 1972; x_wconf 87' lang='lat' dir='ltr'>voco</span> <span class='ocrx_word' id='word_1_89' title='bbox 503 1906 607 1971; x_wconf 88' lang='lat' dir='ltr'>eidem</span> <span class='ocrx_word' id='word_1_90' title='bbox 622 1907 754 1971; x_wconf 87' lang='lat' dir='ltr'>ecclesie</span> <span class='ocrx_word' id='word_1_91' title='bbox 770 1907 938 1971; x_wconf 85' lang='lat' dir='ltr'>concessit.</span> <span class='ocrx_word' id='word_1_92' title='bbox 973 1906 1124 1970; x_wconf 80' lang='lat' dir='ltr'>Concedo</span> <span class='ocrx_word' id='word_1_93' title='bbox 1139 1907 1237 1970; x_wconf 82' lang='lat' dir='ltr'>etism</span> <span class='ocrx_word' id='word_1_94' title='bbox 1250 1907 1434 1985; x_wconf 82' lang='lat' dir='ltr'>AEdnoth0‚</span> 
     </span>
     <span class='ocr_line' id='line_1_14' title="bbox 327 1999 1433 2086; baseline -0.001 -12"><span class='ocrx_word' id='word_1_95' title='bbox 327 2009 393 2074; x_wconf 87' lang='lat' dir='ltr'>filio</span> <span class='ocrx_word' id='word_1_96' title='bbox 413 1999 478 2072; x_wconf 85' lang='lat' dir='ltr'>filie</span> <span class='ocrx_word' id='word_1_97' title='bbox 491 2029 573 2086; x_wconf 90' lang='lat' dir='ltr'>mee,</span> <span class='ocrx_word' id='word_1_98' title='bbox 589 2016 627 2072; x_wconf 87' lang='lat' dir='ltr'>ut</span> <span class='ocrx_word' id='word_1_99' title='bbox 642 2009 670 2072; x_wconf 83' lang='lat' dir='ltr'>si</span> <span class='ocrx_word' id='word_1_100' title='bbox 685 2007 799 2072; x_wconf 78' lang='lat' dir='ltr'>iratres</span> <span class='ocrx_word' id='word_1_101' title='bbox 816 2009 966 2072; x_wconf 84' lang='lat' dir='ltr'>Rsmesie</span> <span class='ocrx_word' id='word_1_102' title='bbox 980 2030 1055 2072; x_wconf 90' lang='lat' dir='ltr'>eum</span> <span class='ocrx_word' id='word_1_103' title='bbox 1070 2009 1106 2071; x_wconf 91' lang='lat' dir='ltr'>in</span> <span class='ocrx_word' id='word_1_104' title='bbox 1120 2010 1315 2072; x_wconf 77' lang='lat' dir='ltr'>monachum</span> <span class='ocrx_word' id='word_1_105' title='bbox 1330 2010 1433 2073; x_wconf 70' lang='lat' dir='ltr'>sinci-</span> 
     </span>
     <span class='ocr_line' id='line_1_15' title="bbox 327 2111 1432 2200; baseline 0 -22"><span class='ocrx_word' id='word_1_106' title='bbox 327 2134 402 2200; x_wconf 88' lang='lat' dir='ltr'>peve</span> <span class='ocrx_word' id='word_1_107' title='bbox 411 2112 582 2190; x_wconf 80' lang='lat' dir='ltr'>voluerint,</span> <span class='ocrx_word' id='word_1_108' title='bbox 592 2119 711 2176; x_wconf 82' lang='lat' dir='ltr'>terram</span> <span class='ocrx_word' id='word_1_109' title='bbox 723 2111 762 2176; x_wconf 92' lang='lat' dir='ltr'>de</span> <span class='ocrx_word' id='word_1_110' title='bbox 774 2113 944 2197; x_wconf 83' lang='lat' dir='ltr'>Bytherns</span> <span class='ocrx_word' id='word_1_111' title='bbox 957 2111 1054 2175; x_wconf 91' lang='lat' dir='ltr'>simul</span> <span class='ocrx_word' id='word_1_112' title='bbox 1069 2133 1143 2176; x_wconf 91' lang='lat' dir='ltr'>cum</span> <span class='ocrx_word' id='word_1_113' title='bbox 1158 2133 1196 2176; x_wconf 93' lang='lat' dir='ltr'>eo</span> <span class='ocrx_word' id='word_1_114' title='bbox 1209 2111 1301 2175; x_wconf 84' lang='lat' dir='ltr'>cednt</span> <span class='ocrx_word' id='word_1_115' title='bbox 1314 2114 1432 2180; x_wconf 65' lang='lat' dir='ltr'>ane=</span> 
     </span>
     <span class='ocr_line' id='line_1_16' title="bbox 329 2214 1432 2301; baseline -0.005 -19"><span class='ocrx_word' id='word_1_116' title='bbox 329 2217 375 2282; x_wconf 82' lang='lat' dir='ltr'>sie</span> <span class='ocrx_word' id='word_1_117' title='bbox 398 2217 434 2280; x_wconf 93' lang='lat' dir='ltr'>in</span> <span class='ocrx_word' id='word_1_118' title='bbox 459 2215 712 2301; x_wconf 83' lang='lat' dir='ltr'>possessionem:</span> <span class='ocrx_word' id='word_1_119' title='bbox 739 2215 825 2300; x_wconf 93' lang='lat' dir='ltr'>quod</span> <span class='ocrx_word' id='word_1_120' title='bbox 848 2215 877 2278; x_wconf 87' lang='lat' dir='ltr'>si</span> <span class='ocrx_word' id='word_1_121' title='bbox 899 2214 1075 2292; x_wconf 80' lang='lat' dir='ltr'>noluerint,</span> <span class='ocrx_word' id='word_1_122' title='bbox 1101 2214 1329 2279; x_wconf 84' lang='lat' dir='ltr'>nichilominus</span> <span class='ocrx_word' id='word_1_123' title='bbox 1353 2237 1432 2280; x_wconf 88' lang='lat' dir='ltr'>con-</span> 
     </span>
     <span class='ocr_line' id='line_1_17' title="bbox 327 2317 1432 2402; baseline -0.004 -16"><span class='ocrx_word' id='word_1_124' title='bbox 327 2319 406 2386; x_wconf 87' lang='lat' dir='ltr'>cedo</span> <span class='ocrx_word' id='word_1_125' title='bbox 423 2319 557 2384; x_wconf 74' lang='lat' dir='ltr'>eundem</span> <span class='ocrx_word' id='word_1_126' title='bbox 577 2325 696 2382; x_wconf 78' lang='lat' dir='ltr'>terram</span> <span class='ocrx_word' id='word_1_127' title='bbox 715 2317 848 2402; x_wconf 82' lang='lat' dir='ltr'>praesste</span> <span class='ocrx_word' id='word_1_128' title='bbox 870 2317 1012 2395; x_wconf 87' lang='lat' dir='ltr'>ecclesie,</span> <span class='ocrx_word' id='word_1_129' title='bbox 1028 2338 1086 2401; x_wconf 91' lang='lat' dir='ltr'>pro</span> <span class='ocrx_word' id='word_1_130' title='bbox 1107 2317 1213 2380; x_wconf 78' lang='lat' dir='ltr'>anime</span> <span class='ocrx_word' id='word_1_131' title='bbox 1227 2337 1298 2381; x_wconf 85' lang='lat' dir='ltr'>mee</span> <span class='ocrx_word' id='word_1_132' title='bbox 1316 2319 1432 2382; x_wconf 76' lang='lat' dir='ltr'>salute.</span> 
     </span>
     <span class='ocr_line' id='line_1_18' title="bbox 327 2420 1435 2506; baseline -0.005 -19"><span class='ocrx_word' id='word_1_133' title='bbox 327 2422 479 2488; x_wconf 83' lang='lat' dir='ltr'>Concedo</span> <span class='ocrx_word' id='word_1_134' title='bbox 493 2429 648 2506; x_wconf 73' lang='lat' dir='ltr'>promeres</span> <span class='ocrx_word' id='word_1_135' title='bbox 656 2421 800 2500; x_wconf 82' lang='lat' dir='ltr'>Almaro,</span> <span class='ocrx_word' id='word_1_136' title='bbox 812 2421 975 2504; x_wconf 73' lang='lat' dir='ltr'>capellano</span> <span class='ocrx_word' id='word_1_137' title='bbox 990 2441 1074 2498; x_wconf 89' lang='lat' dir='ltr'>mco,</span> <span class='ocrx_word' id='word_1_138' title='bbox 1086 2427 1207 2483; x_wconf 80' lang='lat' dir='ltr'>terrum</span> <span class='ocrx_word' id='word_1_139' title='bbox 1222 2420 1262 2483; x_wconf 87' lang='lat' dir='ltr'>de</span> <span class='ocrx_word' id='word_1_140' title='bbox 1272 2421 1435 2504; x_wconf 77' lang='lat' dir='ltr'>Cloptona</span> 
     </span>
     <span class='ocr_line' id='line_1_19' title="bbox 326 2523 1434 2609; baseline -0.004 -18"><span class='ocrx_word' id='word_1_141' title='bbox 326 2526 363 2591; x_wconf 91' lang='lat' dir='ltr'>in</span> <span class='ocrx_word' id='word_1_142' title='bbox 377 2525 490 2591; x_wconf 86' lang='lat' dir='ltr'>diebus</span> <span class='ocrx_word' id='word_1_143' title='bbox 503 2525 570 2589; x_wconf 89' lang='lat' dir='ltr'>suis</span> <span class='ocrx_word' id='word_1_144' title='bbox 584 2525 683 2591; x_wconf 84' lang='lat' dir='ltr'>libere</span> <span class='ocrx_word' id='word_1_145' title='bbox 699 2524 874 2589; x_wconf 83' lang='lat' dir='ltr'>tenendam</span> <span class='ocrx_word' id='word_1_146' title='bbox 882 2550 892 2603; x_wconf 90' lang='lat'>;</span> <span class='ocrx_word' id='word_1_147' title='bbox 915 2529 989 2609; x_wconf 82' lang='lat' dir='ltr'>post</span> <span class='ocrx_word' id='word_1_148' title='bbox 1003 2523 1073 2587; x_wconf 87' lang='lat' dir='ltr'>dies</span> <span class='ocrx_word' id='word_1_149' title='bbox 1087 2543 1163 2587; x_wconf 88' lang='lat' dir='ltr'>vero</span> <span class='ocrx_word' id='word_1_150' title='bbox 1178 2523 1246 2607; x_wconf 85' lang='lat' dir='ltr'>ejus</span> <span class='ocrx_word' id='word_1_151' title='bbox 1267 2531 1434 2587; x_wconf 77' lang='lat' dir='ltr'>remanent</span> 
     </span>
     <span class='ocr_line' id='line_1_20' title="bbox 290 2626 1433 2709; baseline -0.004 -14"><span class='ocrx_word' id='word_1_152' title='bbox 290 2660 295 2669; x_wconf 94' lang='lat'>·</span> <span class='ocrx_word' id='word_1_153' title='bbox 328 2630 425 2695; x_wconf 87' lang='lat' dir='ltr'>simul</span> <span class='ocrx_word' id='word_1_154' title='bbox 449 2652 524 2695; x_wconf 89' lang='lat' dir='ltr'>cum</span> <span class='ocrx_word' id='word_1_155' title='bbox 546 2629 661 2693; x_wconf 83' lang='lat' dir='ltr'>ceteris</span> <span class='ocrx_word' id='word_1_156' title='bbox 684 2628 779 2691; x_wconf 83' lang='lat' dir='ltr'>terris</span> <span class='ocrx_word' id='word_1_157' title='bbox 801 2628 933 2692; x_wconf 88' lang='lat' dir='ltr'>ecclesie</span> <span class='ocrx_word' id='word_1_158' title='bbox 957 2626 1156 2691; x_wconf 80' lang='lat' dir='ltr'>Ramesensi.</span> <span class='ocrx_word' id='word_1_159' title='bbox 1205 2628 1298 2709; x_wconf 83' lang='lat' dir='ltr'>Rogo</span> <span class='ocrx_word' id='word_1_160' title='bbox 1322 2636 1433 2690; x_wconf 83' lang='lat' dir='ltr'>sutem</span> 
     </span>
     <span class='ocr_line' id='line_1_21' title="bbox 328 2730 1433 2817; baseline -0.005 -18"><span class='ocrx_word' id='word_1_161' title='bbox 328 2734 436 2799; x_wconf 90' lang='lat' dir='ltr'>Deum</span> <span class='ocrx_word' id='word_1_162' title='bbox 455 2734 720 2817; x_wconf 82' lang='lat' dir='ltr'>omnipotentem</span> <span class='ocrx_word' id='word_1_163' title='bbox 743 2738 781 2794; x_wconf 87' lang='lat' dir='ltr'>ut</span> <span class='ocrx_word' id='word_1_164' title='bbox 802 2731 996 2814; x_wconf 85' lang='lat' dir='ltr'>quicunqne,</span> <span class='ocrx_word' id='word_1_165' title='bbox 1016 2730 1067 2794; x_wconf 82' lang='lat' dir='ltr'>vel</span> <span class='ocrx_word' id='word_1_166' title='bbox 1091 2738 1262 2814; x_wconf 79' lang='lat' dir='ltr'>pareutum</span> <span class='ocrx_word' id='word_1_167' title='bbox 1285 2750 1433 2794; x_wconf 86' lang='lat' dir='ltr'>meorum</span> 
     </span>
     <span class='ocr_line' id='line_1_22' title="bbox 326 2833 1435 2916; baseline -0.005 -15"><span class='ocrx_word' id='word_1_168' title='bbox 326 2837 377 2902; x_wconf 90' lang='lat' dir='ltr'>vel</span> <span class='ocrx_word' id='word_1_169' title='bbox 392 2836 560 2901; x_wconf 90' lang='lat' dir='ltr'>hominum</span> <span class='ocrx_word' id='word_1_170' title='bbox 583 2842 775 2911; x_wconf 71' lang='lat' dir='ltr'>oetmomm,</span> <span class='ocrx_word' id='word_1_171' title='bbox 791 2842 904 2897; x_wconf 78' lang='lat' dir='ltr'>contra</span> <span class='ocrx_word' id='word_1_172' title='bbox 922 2833 985 2896; x_wconf 90' lang='lat' dir='ltr'>hcc</span> <span class='ocrx_word' id='word_1_173' title='bbox 999 2833 1109 2895; x_wconf 86' lang='lat' dir='ltr'>venire</span> <span class='ocrx_word' id='word_1_174' title='bbox 1126 2833 1366 2916; x_wconf 86' lang='lat' dir='ltr'>presumpserit,</span> <span class='ocrx_word' id='word_1_175' title='bbox 1381 2834 1435 2897; x_wconf 86' lang='lat' dir='ltr'>vel</span> 
     </span>
     <span class='ocr_line' id='line_1_23' title="bbox 327 2935 1436 3025; baseline -0.005 -21"><span class='ocrx_word' id='word_1_176' title='bbox 327 2940 499 3025; x_wconf 80' lang='lat' dir='ltr'>quicquam</span> <span class='ocrx_word' id='word_1_177' title='bbox 517 2938 633 3002; x_wconf 82' lang='lat' dir='ltr'>horum</span> <span class='ocrx_word' id='word_1_178' title='bbox 650 2938 824 3015; x_wconf 78' lang='lat' dir='ltr'>inmutare,</span> <span class='ocrx_word' id='word_1_179' title='bbox 839 2935 922 2999; x_wconf 86' lang='lat' dir='ltr'>irsm</span> <span class='ocrx_word' id='word_1_180' title='bbox 937 2935 1064 3000; x_wconf 84' lang='lat' dir='ltr'>Judicis</span> <span class='ocrx_word' id='word_1_181' title='bbox 1081 2936 1184 2999; x_wconf 78' lang='lat' dir='ltr'>eterni</span> <span class='ocrx_word' id='word_1_182' title='bbox 1198 2958 1273 3000; x_wconf 89' lang='lat' dir='ltr'>cum</span> <span class='ocrx_word' id='word_1_183' title='bbox 1287 2936 1436 3020; x_wconf 86' lang='lat' dir='ltr'>reprobis</span> 
     </span>
     <span class='ocr_line' id='line_1_24' title="bbox 327 3038 1436 3127; baseline -0.005 -20"><span class='ocrx_word' id='word_1_184' title='bbox 327 3042 449 3127; x_wconf 76' lang='lat' dir='ltr'>angelis</span> <span class='ocrx_word' id='word_1_185' title='bbox 476 3041 631 3120; x_wconf 78' lang='lat' dir='ltr'>incurret,</span> <span class='ocrx_word' id='word_1_186' title='bbox 651 3040 714 3104; x_wconf 90' lang='lat' dir='ltr'>nisi</span> <span class='ocrx_word' id='word_1_187' title='bbox 738 3040 848 3104; x_wconf 84' lang='lat' dir='ltr'>vivens</span> <span class='ocrx_word' id='word_1_188' title='bbox 871 3038 1026 3103; x_wconf 86' lang='lat' dir='ltr'>delictum</span> <span class='ocrx_word' id='word_1_189' title='bbox 1045 3059 1140 3102; x_wconf 85' lang='lat' dir='ltr'>suum</span> <span class='ocrx_word' id='word_1_190' title='bbox 1162 3038 1260 3122; x_wconf 77' lang='lat' dir='ltr'>digne</span> <span class='ocrx_word' id='word_1_191' title='bbox 1282 3039 1436 3103; x_wconf 79' lang='lat' dir='ltr'>emenda·</span> 
     </span>
     <span class='ocr_line' id='line_1_25' title="bbox 327 3144 584 3211; baseline -0.016 0"><span class='ocrx_word' id='word_1_192' title='bbox 327 3145 418 3211; x_wconf 83' lang='lat' dir='ltr'>verit.</span> <span class='ocrx_word' id='word_1_193' title='bbox 465 3144 584 3209; x_wconf 87' lang='lat' dir='ltr'>Amen.</span> 
     </span>
    </p>
   </div>
   <div class='ocr_carea' id='block_1_5' title="bbox 654 3448 1107 3505">
    <p class='ocr_par' dir='ltr' id='par_1_5' title="bbox 654 3448 1107 3505">
     <span class='ocr_line' id='line_1_26' title="bbox 654 3448 1107 3505; baseline 0.007 -3"><span class='ocrx_word' id='word_1_194' title='bbox 654 3448 848 3504; x_wconf 81' lang='lat' dir='ltr'>AETHERIO.</span> <span class='ocrx_word' id='word_1_195' title='bbox 884 3448 1107 3505; x_wconf 63' lang='lat' dir='ltr'>noceam</span> 
     </span>
    </p>
   </div>
   <div class='ocr_carea' id='block_1_6' title="bbox 324 3596 1436 4505">
    <p class='ocr_par' dir='ltr' id='par_1_6' title="bbox 324 3596 1436 4505">
     <span class='ocr_line' id='line_1_27' title="bbox 371 3596 1436 3681; baseline 0 -20"><span class='ocrx_word' id='word_1_196' title='bbox 371 3600 411 3680; x_wconf 73' lang='lat'>›1‹</span> <span class='ocrx_word' id='word_1_197' title='bbox 438 3596 509 3661; x_wconf 87' lang='lat' dir='ltr'>Her</span> <span class='ocrx_word' id='word_1_198' title='bbox 544 3596 607 3681; x_wconf 78' lang='lat' dir='ltr'>cy’d</span> <span class='ocrx_word' id='word_1_199' title='bbox 641 3596 774 3663; x_wconf 67' lang='lat' dir='ltr'>AEderic</span> <span class='ocrx_word' id='word_1_200' title='bbox 815 3618 859 3661; x_wconf 93' lang='lat' dir='ltr'>on</span> <span class='ocrx_word' id='word_1_201' title='bbox 944 3599 984 3679; x_wconf 73' lang='lat'>›1‹</span> <span class='ocrx_word' id='word_1_202' title='bbox 1010 3597 1111 3674; x_wconf 82' lang='lat' dir='ltr'>Here,</span> <span class='ocrx_word' id='word_1_203' title='bbox 1134 3596 1170 3659; x_wconf 92' lang='lat' dir='ltr'>in</span> <span class='ocrx_word' id='word_1_204' title='bbox 1201 3596 1267 3660; x_wconf 86' lang='lat' dir='ltr'>this</span> <span class='ocrx_word' id='word_1_205' title='bbox 1293 3597 1436 3681; x_wconf 82' lang='lat' dir='ltr'>vriting,</span> 
     </span>
     <span class='ocr_line' id='line_1_28' title="bbox 327 3700 1436 3785; baseline 0 -20"><span class='ocrx_word' id='word_1_206' title='bbox 327 3703 447 3785; x_wconf 72' lang='lat' dir='ltr'>hiesum</span> <span class='ocrx_word' id='word_1_207' title='bbox 462 3700 592 3783; x_wconf 80' lang='lat' dir='ltr'>gewrite</span> <span class='ocrx_word' id='word_1_208' title='bbox 615 3700 719 3763; x_wconf 83' lang='lat' dir='ltr'>hwum</span> <span class='ocrx_word' id='word_1_209' title='bbox 741 3700 782 3763; x_wconf 89' lang='lat' dir='ltr'>he</span> <span class='ocrx_word' id='word_1_210' title='bbox 804 3720 858 3782; x_wconf 85' lang='lat' dir='ltr'>ge·</span> <span class='ocrx_word' id='word_1_211' title='bbox 899 3700 1045 3763; x_wconf 85' lang='lat' dir='ltr'>AEtheric</span> <span class='ocrx_word' id='word_1_212' title='bbox 1090 3700 1202 3764; x_wconf 77' lang='lat' dir='ltr'>makes</span> <span class='ocrx_word' id='word_1_213' title='bbox 1236 3700 1355 3765; x_wconf 77' lang='lat' dir='ltr'>known</span> <span class='ocrx_word' id='word_1_214' title='bbox 1396 3710 1436 3765; x_wconf 80' lang='lat' dir='ltr'>to</span> 
     </span>
     <span class='ocr_line' id='line_1_29' title="bbox 326 3802 1433 3888; baseline -0.003 -19"><span class='ocrx_word' id='word_1_215' title='bbox 326 3826 403 3869; x_wconf 81' lang='lat' dir='ltr'>nun·</span> <span class='ocrx_word' id='word_1_216' title='bbox 423 3803 494 3867; x_wconf 76' lang='lat' dir='ltr'>osor</span> <span class='ocrx_word' id='word_1_217' title='bbox 501 3802 552 3867; x_wconf 89' lang='lat' dir='ltr'>his</span> <span class='ocrx_word' id='word_1_218' title='bbox 563 3802 658 3887; x_wconf 81' lang='lat' dir='ltr'>daeig·</span> <span class='ocrx_word' id='word_1_219' title='bbox 676 3806 761 3888; x_wconf 68' lang='lat' dir='ltr'>haern</span> <span class='ocrx_word' id='word_1_220' title='bbox 772 3802 859 3867; x_wconf 84' lang='lat' dir='ltr'>aehta</span> <span class='ocrx_word' id='word_1_221' title='bbox 898 3802 1004 3865; x_wconf 85' lang='lat' dir='ltr'>whom</span> <span class='ocrx_word' id='word_1_222' title='bbox 1022 3803 1063 3866; x_wconf 89' lang='lat' dir='ltr'>he</span> <span class='ocrx_word' id='word_1_223' title='bbox 1078 3804 1176 3885; x_wconf 81' lang='lat' dir='ltr'>gives,</span> <span class='ocrx_word' id='word_1_224' title='bbox 1192 3803 1276 3866; x_wconf 78' lang='lat' dir='ltr'>citer</span> <span class='ocrx_word' id='word_1_225' title='bbox 1291 3804 1342 3866; x_wconf 92' lang='lat' dir='ltr'>his</span> <span class='ocrx_word' id='word_1_226' title='bbox 1356 3803 1433 3887; x_wconf 82' lang='lat' dir='ltr'>day,</span> 
     </span>
     <span class='ocr_line' id='line_1_30' title="bbox 325 3905 1435 3988; baseline -0.002 -17"><span class='ocrx_word' id='word_1_227' title='bbox 325 3910 368 3971; x_wconf 74' lang='lat' dir='ltr'>’de</span> <span class='ocrx_word' id='word_1_228' title='bbox 396 3907 467 3970; x_wconf 92' lang='lat' dir='ltr'>him</span> <span class='ocrx_word' id='word_1_229' title='bbox 496 3906 571 3969; x_wconf 87' lang='lat' dir='ltr'>God</span> <span class='ocrx_word' id='word_1_230' title='bbox 603 3906 726 3970; x_wconf 81' lang='lat' dir='ltr'>nloened</span> <span class='ocrx_word' id='word_1_231' title='bbox 758 3906 856 3969; x_wconf 67' lang='lat' dir='ltr'>haefo.</span> <span class='ocrx_word' id='word_1_232' title='bbox 899 3905 955 3968; x_wconf 88' lang='lat' dir='ltr'>the</span> <span class='ocrx_word' id='word_1_233' title='bbox 969 3905 1435 3988; x_wconf 81' lang='lat' dir='ltr'>possessiousvvhichGodhns</span> 
     </span>
     <span class='ocr_line' id='line_1_31' title="bbox 325 4007 1434 4074; baseline 0 -1"><span class='ocrx_word' id='word_1_234' title='bbox 325 4008 401 4074; x_wconf 77' lang='lat' dir='ltr'>Daet</span> <span class='ocrx_word' id='word_1_235' title='bbox 426 4009 454 4071; x_wconf 90' lang='lat' dir='ltr'>is</span> <span class='ocrx_word' id='word_1_236' title='bbox 485 4016 580 4072; x_wconf 85' lang='lat' dir='ltr'>aerest</span> <span class='ocrx_word' id='word_1_237' title='bbox 603 4029 694 4072; x_wconf 78' lang='lat' dir='ltr'>sona·</span> <span class='ocrx_word' id='word_1_238' title='bbox 732 4008 857 4071; x_wconf 90' lang='lat' dir='ltr'>minum</span> <span class='ocrx_word' id='word_1_239' title='bbox 898 4007 967 4071; x_wconf 81' lang='lat' dir='ltr'>lent</span> <span class='ocrx_word' id='word_1_240' title='bbox 992 4008 1071 4071; x_wconf 91' lang='lat' dir='ltr'>him.</span> <span class='ocrx_word' id='word_1_241' title='bbox 1125 4009 1211 4072; x_wconf 78' lang='lat' dir='ltr'>Thst</span> <span class='ocrx_word' id='word_1_242' title='bbox 1234 4010 1262 4071; x_wconf 89' lang='lat' dir='ltr'>is</span> <span class='ocrx_word' id='word_1_243' title='bbox 1284 4009 1434 4073; x_wconf 87' lang='lat' dir='ltr'>immedi-</span> 
     </span>
     <span class='ocr_line' id='line_1_32' title="bbox 324 4109 1435 4196; baseline -0.001 -21"><span class='ocrx_word' id='word_1_244' title='bbox 324 4111 468 4175; x_wconf 82' lang='lat' dir='ltr'>hlsforde</span> <span class='ocrx_word' id='word_1_245' title='bbox 477 4110 563 4195; x_wconf 83' lang='lat' dir='ltr'>syxti</span> <span class='ocrx_word' id='word_1_246' title='bbox 571 4109 854 4193; x_wconf 80' lang='lat' dir='ltr'>mancusagoldes·</span> <span class='ocrx_word' id='word_1_247' title='bbox 899 4111 985 4195; x_wconf 81' lang='lat' dir='ltr'>stely</span> <span class='ocrx_word' id='word_1_248' title='bbox 1010 4112 1091 4189; x_wconf 84' lang='lat' dir='ltr'>first,</span> <span class='ocrx_word' id='word_1_249' title='bbox 1118 4118 1155 4174; x_wconf 87' lang='lat' dir='ltr'>to</span> <span class='ocrx_word' id='word_1_250' title='bbox 1173 4133 1229 4196; x_wconf 84' lang='lat' dir='ltr'>my</span> <span class='ocrx_word' id='word_1_251' title='bbox 1252 4111 1324 4174; x_wconf 87' lang='lat' dir='ltr'>lord</span> <span class='ocrx_word' id='word_1_252' title='bbox 1347 4110 1435 4196; x_wconf 81' lang='lat' dir='ltr'>sixty</span> 
     </span>
     <span class='ocr_line' id='line_1_33' title="bbox 324 4212 1435 4300; baseline -0.002 -21"><span class='ocrx_word' id='word_1_253' title='bbox 324 4215 470 4298; x_wconf 70' lang='lat' dir='ltr'>Jmines</span> <span class='ocrx_word' id='word_1_254' title='bbox 496 4213 634 4299; x_wconf 79' lang='lat' dir='ltr'>svvyvdes</span> <span class='ocrx_word' id='word_1_255' title='bbox 657 4212 724 4276; x_wconf 91' lang='lat' dir='ltr'>mid</span> <span class='ocrx_word' id='word_1_256' title='bbox 747 4212 854 4277; x_wconf 81' lang='lat' dir='ltr'>fetele·</span> <span class='ocrx_word' id='word_1_257' title='bbox 899 4236 1067 4278; x_wconf 80' lang='lat' dir='ltr'>moncuses</span> <span class='ocrx_word' id='word_1_258' title='bbox 1103 4215 1140 4278; x_wconf 83' lang='lat' dir='ltr'>cf</span> <span class='ocrx_word' id='word_1_259' title='bbox 1168 4214 1255 4297; x_wconf 83' lang='lat' dir='ltr'>gold,</span> <span class='ocrx_word' id='word_1_260' title='bbox 1287 4214 1351 4278; x_wconf 81' lang='lat' dir='ltr'>and</span> <span class='ocrx_word' id='word_1_261' title='bbox 1377 4237 1435 4300; x_wconf 84' lang='lat' dir='ltr'>my</span> 
     </span>
     <span class='ocr_line' id='line_1_34' title="bbox 325 4316 1435 4403; baseline 0.002 -22"><span class='ocrx_word' id='word_1_262' title='bbox 325 4320 451 4403; x_wconf 68' lang='lat' dir='ltr'>quto</span> <span class='ocrx_word' id='word_1_263' title='bbox 471 4324 535 4381; x_wconf 80' lang='lat' dir='ltr'>tva</span> <span class='ocrx_word' id='word_1_264' title='bbox 557 4316 682 4398; x_wconf 72' lang='lat' dir='ltr'>hore]</span> <span class='ocrx_word' id='word_1_265' title='bbox 704 4324 767 4379; x_wconf 81' lang='lat' dir='ltr'>tvvs</span> <span class='ocrx_word' id='word_1_266' title='bbox 790 4324 856 4379; x_wconf 78' lang='lat' dir='ltr'>ter-</span> <span class='ocrx_word' id='word_1_267' title='bbox 899 4318 1002 4381; x_wconf 87' lang='lat' dir='ltr'>svord</span> <span class='ocrx_word' id='word_1_268' title='bbox 1017 4319 1094 4382; x_wconf 86' lang='lat' dir='ltr'>with</span> <span class='ocrx_word' id='word_1_269' title='bbox 1119 4317 1198 4397; x_wconf 88' lang='lat' dir='ltr'>belt,</span> <span class='ocrx_word' id='word_1_270' title='bbox 1220 4318 1284 4381; x_wconf 81' lang='lat' dir='ltr'>and</span> <span class='ocrx_word' id='word_1_271' title='bbox 1297 4317 1435 4383; x_wconf 81' lang='lat' dir='ltr'>‘thereto</span> 
     </span>
     <span class='ocr_line' id='line_1_35' title="bbox 326 4418 1433 4505; baseline 0.002 -22"><span class='ocrx_word' id='word_1_272' title='bbox 326 4442 402 4502; x_wconf 80' lang='lat' dir='ltr'>gun·</span> <span class='ocrx_word' id='word_1_273' title='bbox 419 4439 438 4500; x_wconf 64' lang='grc' dir='ltr'><strong><em>Ἰ</em></strong></span> <span class='ocrx_word' id='word_1_274' title='bbox 457 4428 578 4502; x_wconf 81' lang='lat' dir='ltr'>twegen</span> <span class='ocrx_word' id='word_1_275' title='bbox 594 4419 735 4483; x_wconf 79' lang='lat' dir='ltr'>francan.</span> <span class='ocrx_word' id='word_1_276' title='bbox 782 4418 858 4483; x_wconf 87' lang='lat' dir='ltr'>And</span> <span class='ocrx_word' id='word_1_277' title='bbox 898 4428 963 4484; x_wconf 81' lang='lat' dir='ltr'>two</span> <span class='ocrx_word' id='word_1_278' title='bbox 989 4421 1108 4500; x_wconf 87' lang='lat' dir='ltr'>horses,</span> <span class='ocrx_word' id='word_1_279' title='bbox 1134 4421 1197 4484; x_wconf 85' lang='lat' dir='ltr'>and</span> <span class='ocrx_word' id='word_1_280' title='bbox 1216 4431 1281 4485; x_wconf 86' lang='lat' dir='ltr'>two</span> <span class='ocrx_word' id='word_1_281' title='bbox 1299 4428 1433 4505; x_wconf 76' lang='lat' dir='ltr'>tui-gets,</span> 
     </span>
    </p>
   </div>
   <div class='ocr_carea' id='block_1_7' title="bbox 0 0 1622 5125">
    <p class='ocr_par' dir='ltr' id='par_1_7' title="bbox 0 0 1622 5125">
     <span class='ocr_line' id='line_1_36' title="bbox 0 0 1622 5125; baseline 0 0"><span class='ocrx_word' id='word_1_282' title='bbox 0 0 1622 5125; x_wconf 95' lang='lat' dir='ltr'> </span> 
     </span>
    </p>
   </div>
  </div>
 </body>
</html>
