3234 5125
511 440 833 498 MISGELLANEOUS
852 440 1067 496 CHARTERS.
1289 443 1342 496 297

235 609 360 673 ultimis
377 611 575 695 temporibus
601 612 809 695 [simultates]
833 611 1041 689 crebrescere,
1057 611 1231 675 discordias
1251 612 1341 675 ebul·

235 713 305 789 lire,
321 714 514 797 rapacitates
528 714 737 793 inardescere,
755 714 931 777 amicitiam
946 711 1097 791 titubare,
1110 713 1279 776 caritatem
1293 734 1342 776 re-

235 815 404 897 frigescere
419 816 606 895 multorum,
617 824 651 881 et
659 816 806 880 inaudita
821 816 906 880 mula
920 815 1057 879 evenire.
1103 814 1246 897 Ideoque
1260 814 1344 878 hanc

235 917 419 1000 largitatem
438 918 579 1001 benigno
600 919 708 981 animo
729 939 931 995 renovamus,
947 926 980 980 et
998 916 1203 981 concedimus
1223 918 1343 980 Sancto

236 1021 334 1083 Petro
357 1019 492 1103 principi
516 1021 743 1104 apostolorum,
761 1021 813 1085 cui
833 1022 923 1084 locus
944 1019 1118 1103 praedictus
1140 1026 1343 1083 consecratus

236 1122 414 1187 dinoscitur
429 1123 617 1206 antiquitus,
629 1131 666 1186 ut
680 1123 770 1187 omni
784 1123 938 1187 servitute
953 1131 1070 1201 careat,
1083 1121 1187 1185 tribus
1203 1123 1343 1205 exceptis

236 1246 308 1307 quae
337 1225 463 1288 cunctis
493 1225 677 1289 communia
711 1234 799 1303 sunt,
826 1226 959 1303 scilicet,
993 1224 1205 1308 expeditione,
1235 1226 1343 1307 pontis

237 1327 358 1390 arcisve
373 1328 608 1391 restauratione
616 1353 626 1405 3
651 1335 809 1391 ettamen
829 1328 897 1410 regi
916 1327 1141 1391 emendatione
1155 1327 1343 1391 monasterii

236 1427 437 1492 solummodo
452 1428 705 1494 administretur.
744 1430 818 1493 Hoc
831 1450 958 1512 quoque
972 1437 1086 1492 notum
1101 1429 1169 1492 fore
1184 1430 1341 1513 cupimus,

236 1530 323 1612 quod
342 1529 444 1594 beatae
469 1530 633 1595 memoriae
648 1531 840 1595 Dunstanus
864 1531 991 1595 cuidam
1015 1531 1077 1594 sibi
1100 1531 1188 1595 fideli
1210 1552 1247 1595 ac
1268 1553 1342 1615 pro·

236 1632 312 1696 bato
335 1632 495 1697 monacho
515 1633 696 1696 Wulfsinus
720 1633 885 1711 vocabulo,
901 1654 997 1716 quem
1022 1633 1114 1716 qnasi
1136 1632 1239 1695 lilium
1262 1655 1344 1716 pura

238 1732 410 1797 dilectione
426 1734 553 1813 amavit,
567 1735 648 1797 illud
662 1736 893 1799 monasterium
909 1735 949 1798 ad
963 1734 1139 1817 regendum
1153 1736 1344 1818 regulariter

237 1836 409 1915 commisit,
420 1844 453 1900 et
467 1858 526 1901 nos
541 1845 653 1919 postea
667 1837 818 1902 abbatem
832 1837 925 1900 illum
939 1837 1007 1899 illic
1022 1836 1258 1900 constituimus.
1297 1841 1343 1901 At

237 1947 310 2020 post
326 1959 427 2001 annos
442 1939 565 2022 aliquot
579 1938 763 2023 episcopum
778 1940 871 2002 illum
887 1938 1041 2021 elegimus
1056 1938 1097 2002 ad
1112 1939 1219 2003 sedem
1237 1941 1341 2004 Scire-

237 2039 406 2103 burnensis
432 2040 585 2118 ccclesiae,
610 2042 704 2105 firmo
733 2040 796 2104 sibi
817 2041 892 2124 jure
916 2061 1077 2117 concesso,
1101 2048 1139 2104 ut
1164 2042 1342 2105 secundnm

236 2163 331 2204 suum
346 2142 489 2225 regimen
504 2143 593 2205 locus
609 2143 664 2205 ille
679 2142 847 2207 ordinetur
861 2150 894 2207 et
910 2143 1099 2226 disponatur
1106 2170 1116 2222 3
1138 2151 1171 2207 et
1186 2153 1259 2228 post
1273 2146 1341 2209 dies

237 2244 306 2328 ejus
328 2244 372 2309 sit
386 2252 454 2307 tam
474 2245 611 2308 liberum
633 2246 730 2308 sicuti
752 2253 869 2309 caetera
888 2245 1092 2309 monasteria.
1139 2247 1229 2309 Rura
1242 2247 1340 2311 etiam

236 2346 380 2429 ejusdem
404 2346 591 2411 monasterii
615 2347 754 2429 qualiter
779 2347 938 2430 adquisita
968 2348 1034 2410 sint
1059 2348 1112 2411 hic
1137 2357 1250 2413 notare
1275 2371 1340 2413 non

236 2450 427 2513 omittimus.
475 2450 549 2512 Hoc
564 2458 613 2513 est
627 2449 778 2532 primitus
794 2450 878 2543 circa
892 2449 973 2513 illud
988 2452 1231 2529 monasterium,
1248 2453 1340 2535 quin-

236 2575 297 2635 que
306 2574 433 2616 mensas
443 2574 522 2635 quas
536 2561 628 2635 pater
639 2552 830 2616 Dunstauus
845 2562 968 2636 epatre
982 2574 1056 2616 meo
1065 2552 1201 2632 emebat,
1214 2563 1340 2637 septua-

235 2655 326 2738 ginta
348 2655 509 2718 mancusis
533 2655 613 2718 auri.
659 2656 795 2733 Iterum,
816 2654 945 2737 quando
966 2653 1066 2718 frater
1087 2676 1178 2718 meus
1202 2657 1340 2720 Sanctus

235 2757 411 2822 Edwardus
432 2757 523 2840 regni
542 2766 667 2840 sceptra
687 2757 841 2835 obtinuit,
857 2756 971 2819 habuit
987 2757 1116 2838 quidam
1132 2756 1225 2828 miles
1239 2757 1339 2840 ipsius

235 2861 410 2944 Bryhtmer
424 2861 583 2925 vocitatus
598 2867 663 2922 tres
678 2880 806 2922 mansas
818 2860 912 2942 juxta
927 2858 1117 2941 Legereslea
1124 2884 1133 2934 3
1151 2866 1239 2936 tunc,
1255 2859 1338 2921 vari-

235 2970 310 3026 ante
338 2983 446 3025 rerum
476 2962 688 3040 ordinatione,
716 2960 840 3024 dimisit
864 2959 1030 3024 Brihtmer
1054 2961 1221 3024 domiuum
1244 2983 1339 3024 suum

234 3085 352 3147 regem,
369 3085 443 3128 cum
465 3065 580 3128 tellure
595 3063 758 3147 praedicta,
774 3071 807 3127 et
823 3063 954 3126 ulterius
970 3062 1150 3126 dominium
1164 3063 1262 3146 elegit
1270 3090 1280 3142 3
1305 3075 1339 3128 et

234 3168 422 3230 Duustauus
441 3165 487 3228 nil
508 3172 652 3230 moratus
667 3174 787 3229 terram
802 3165 892 3229 illam
912 3163 1040 3228 emebat
1054 3165 1189 3247 triginta
1209 3165 1301 3230 libris
1319 3190 1339 3230 a

234 3269 439 3347 meo'fratre,
456 3277 489 3332 et
510 3267 633 3331 addidit
652 3267 848 3331 monasterio
867 3288 952 3349 saepc
966 3266 1142 3330 nominato.
1189 3268 1285 3346 Item,
1301 3277 1339 3331 ut
1425 3340 1429 3346 .

234 3393 293 3456 ego
308 3372 399 3454 regni
415 3371 631 3454 gubernacula
642 3371 705 3434 Dei
720 3379 804 3433 nutu
819 3368 954 3453 possedi,
967 3369 1040 3433 dedi
1055 3370 1196 3453 quinque
1211 3392 1339 3435 mansas

234 3473 468 3557 praeuominato
493 3472 689 3536 monasterio
712 3472 747 3535 in
773 3472 844 3534 loco
868 3471 923 3554 qni
950 3471 1126 3535 Hamstede
1140 3473 1300 3536 vocitatur
1320 3495 1339 3535 a

230 3576 390 3652 ruricolis.
451 3576 537 3639 Item
571 3574 710 3637 Sanctus
739 3573 938 3636 Dunstanus
960 3583 1121 3637 mercatus
1150 3582 1199 3637 est
1229 3574 1338 3640 decem

234 3697 362 3738 mansas
377 3698 397 3738 a
410 3676 505 3739 beato
514 3674 704 3738 Allelwoldo
719 3674 877 3758 episcopo,
893 3681 926 3736 et
940 3695 970 3736 x.
989 3674 1160 3756 aquodam
1173 3677 1338 3740 Wulnollo

234 3778 338 3841 milite
352 3777 437 3860 regis
453 3777 618 3858 octoginta
631 3776 723 3839 libris
737 3775 864 3859 probati
880 3776 1015 3858 argenti,
1028 3784 1061 3839 et
1072 3776 1195 3840 addidit
1208 3799 1336 3841 monas·

233 3879 325 3942 teri0.
376 3878 462 3942 Item
486 3886 552 3941 tres
577 3885 716 3942 cassatos
742 3878 868 3942 emebat
890 3878 959 3960 ipse
980 3899 999 3941 a
1020 3878 1158 3962 quodam
1180 3880 1338 3944 naunouo

233 3981 317 4063 regis
338 3981 488 4043 ministro
502 4000 562 4044 x11.
578 3980 679 4057 libris,
694 3979 729 4041 iu
750 3979 821 4042 loco
842 3980 897 4063 qui
912 3979 1108 4045 Codanhlav
1122 3991 1336 4065 nuncupatur,

233 4093 265 4146 et
283 4082 372 4146 dedit
390 4081 584 4146 monasterio
611 4101 695 4164 saepe
720 4083 898 4145 nominato.
943 4083 1035 4146 'lunc
1061 4082 1158 4145 etiam
1184 4085 1337 4165 temporis

233 4194 302 4250 erat
327 4185 456 4269 quidam
477 4185 624 4248 minister
647 4183 732 4266 regis
755 4184 788 4245 in
808 4183 1027 4248 Middilsexan
1051 4184 1239 4263 mansitans,
1256 4187 1337 4249 AElf-

233 4288 315 4352 wine
336 4287 539 4360 vocitamine,
565 4285 619 4366 qui
643 4284 752 4348 adiens
775 4285 889 4348 limina
910 4293 1093 4348 sanctorum
1120 4287 1336 4368 apostolorum

229 4391 322 4467 ,Petri
339 4399 371 4453 et
387 4389 491 4466 Pauli,
510 4384 621 4450 Romae
644 4387 775 4465 scilicet,
791 4397 824 4452 et
839 4389 943 4470 gratia
963 4389 1080 4471 inopiae
1100 4389 1194 4473 petiit
1209 4413 1228 4453 a
1242 4391 1336 4454 beato
