3234 5125
481 430 802 488 MISCELLANFDUS
825 432 1039 488 CHARTERS.
1258 436 1308 491 lor

206 602 369 686 perpetuis
397 602 599 668 decernimus
633 626 763 670 manere
791 606 1024 689 temporibus.''
1080 608 1165 671 Item
1194 607 1308 671 beatus

206 705 420 787 Augustinus,
436 706 472 769 in
485 706 576 770 libris
590 707 630 771 de
644 707 866 773 ecclesiasticis
880 708 1057 787 ordinibus,
1072 708 1184 773 docet:
1209 711 1310 774 “Sub

208 808 315 891 quiete
336 810 510 873 monachos
530 809 721 893 regulariter
742 811 886 876 virentes
908 833 966 875 sua
986 812 1140 895 singulari
1161 813 1233 896 lege
1256 813 1310 877 de·

207 911 283 976 bere
297 912 470 995 quiescere,
485 921 519 977 et
539 914 580 979 ab
598 915 688 980 omni
704 913 912 979 infestatione
930 915 1119 980 clericorum
1134 914 1311 1001 intrepidos

206 1034 403 1097 permanere,
425 1036 468 1079 ne
497 1016 648 1079 secularis
678 1018 832 1101 strepitus
860 1038 914 1081 cos
939 1014 1037 1083 laedat
1061 1040 1141 1103 quos
1166 1017 1312 1083 districta

207 1117 320 1199 regida
347 1117 512 1182 servitutis
540 1118 673 1183 Domini
706 1118 926 1184 moderatu?
981 1122 1067 1185 Item
1097 1142 1136 1185 ex
1166 1121 1310 1186 Concilio

208 1219 393 1303 Hispalensi
415 1219 573 1285 secundo:
598 1226 619 1257 “
629 1222 811 1287 Statuimus
833 1223 902 1307 pari
928 1224 1098 1302 sententia,
1121 1231 1160 1288 ut
1179 1224 1312 1289 cenobia

207 1342 268 1404 que
285 1322 464 1405 antiquitus
480 1322 633 1387 instituta
648 1334 735 1402 sunt,
755 1324 914 1389 immobili
934 1333 967 1389 et
984 1326 1175 1391 inconcussa
1189 1326 1310 1390 stabili-

207 1431 274 1487 tate
288 1433 496 1507 permaneant
510 1426 656 1490 solidata
690 1427 727 1490 Si
741 1428 813 1510 quis
829 1435 948 1506 autem,
960 1427 1046 1510 quod
1058 1428 1153 1506 absit,
1163 1436 1311 1493 nostrum

207 1526 255 1590 vel
273 1528 513 1592 succedentium
537 1528 739 1594 sacerdotum
758 1529 925 1613 quodlibet
943 1530 1184 1607 monasterium,
1204 1538 1261 1594 aut
1279 1530 1311 1593 vi

208 1629 392 1712 cupiditatis
411 1630 647 1714 expoliandum,
666 1639 723 1695 aut
741 1631 947 1697 simulatione
968 1633 1077 1715 aliqua
1095 1632 1216 1697 bandis
1234 1654 1310 1697 con-

209 1731 399 1811 vellendum,
415 1734 467 1797 vel
484 1732 720 1798 dissolvendum
746 1734 961 1818 temptaverit,
977 1736 1149 1799 anathema
1167 1724 1309 1815 effectus,

207 1842 337 1898 maneat
356 1856 376 1897 a
392 1856 493 1919 regno
507 1836 571 1900 Dei
587 1844 768 1914 extraneus,
787 1856 848 1899 nec
865 1836 1012 1920 proficiat
1030 1836 1079 1899 illi
1096 1837 1217 1901 bonum
1236 1836 1311 1901 fidei

207 1937 257 2000 vel
280 1938 385 2020 operis
408 1938 450 2003 ad
475 1938 622 2015 salutem,
645 1938 823 2021 quitantia
845 1946 878 2002 et
900 1946 968 2003 tam
990 1939 1139 2002 salutaris
1162 1940 1236 2003 vitae
1257 1940 1312 2003 dc·
1390 1926 1398 1935 ’

206 2039 359 2103 struxerit
373 2041 571 2104 tramitem.''
618 2041 714 2105 Hanc
728 2061 805 2123 ergo
823 2041 1016 2124 scriptorum
1029 2040 1166 2105 istorum
1182 2050 1310 2106 sentcn-

208 2142 287 2205 tiam
310 2142 561 2221 considerantes,
580 2144 630 2206 vel
653 2143 726 2207 ideo
749 2144 824 2227 quia
845 2142 1022 2227 supradicti
1039 2142 1149 2207 domni
1170 2144 1312 2227 Eadgari

206 2245 291 2327 regis
307 2246 422 2329 petitio
443 2246 537 2310 nobis
560 2246 650 2329 quasi
668 2246 772 2331 jussio
793 2253 853 2324 est,
877 2245 929 2309 cui
951 2244 1175 2311 difficillimum
1192 2255 1242 2310 cst
1261 2266 1310 2310 rc-

207 2347 288 2426 sisti,
313 2368 371 2411 seu
397 2368 455 2431 pro
478 2346 763 2437 reverentia-tanti
787 2346 933 2431 apostoli,
960 2347 1054 2430 cujus
1078 2348 1255 2432 patrocinio
1278 2368 1312 2412 se

206 2450 274 2533 ipse
298 2450 471 2529 commisit,
500 2472 558 2516 sau
586 2458 624 2514 ut
653 2450 732 2533 ipsis
761 2449 927 2514 monacbis
957 2449 1133 2513 secundum
1163 2459 1311 2515 sanctum

206 2551 352 2617 ordinem
375 2554 481 2618 vivere
497 2552 610 2632 liceat,
632 2561 666 2617 et
694 2561 733 2616 ut
754 2561 822 2615 tam
844 2572 903 2635 pro
924 2550 1017 2616 nobis
1040 2573 1139 2636 quam
1161 2573 1219 2636 pro
1242 2574 1311 2617 om-

204 2656 300 2720 nibus
313 2656 463 2720 aecclesiae
481 2664 600 2721 nostrae
618 2655 772 2719 fratribus
790 2654 899 2718 Deum
914 2660 1017 2732 orent,
1034 2654 1310 2738 booprivilegium

205 2759 301 2842 plena
314 2758 479 2824 voluntate
493 2781 559 2823 una
573 2781 648 2822 cum
662 2779 821 2822 consensu
835 2757 971 2820 fratrum
987 2777 1131 2820 meorum
1142 2757 1220 2840 ipsis
1234 2779 1310 2821 con-

205 2861 296 2940 oessi,
311 2883 369 2946 per
388 2861 474 2945 quod
491 2862 629 2927 decerno
647 2869 744 2944 atque
764 2859 1030 2925 obtestificationc
1048 2851 1157 2923 divini'
1172 2859 1311 2924 nominis

206 2964 373 3043 interdico,
388 2973 427 3028 ut
440 2985 499 3029 nec
514 2985 574 3048 ego
589 2964 740 3047 deinceps
753 2984 814 3028 nec
829 2963 916 3026 ullus
931 2982 1150 3025 successorum
1165 2983 1311 3026 meorum

206 3066 425 3151 episcoporum
439 3067 715 3131 londoniensium
728 3066 790 3130 hoc
807 3065 925 3130 audeat
942 3064 1127 3147 infringere,
1144 3065 1193 3128 vel
1208 3074 1310 3129 teme-

205 3168 290 3232 rario
312 3191 393 3233 ausu
416 3170 617 3252 aliquatenus
635 3168 764 3247 violare,
785 3167 942 3245 videlicet,
965 3173 1004 3230 ut
1025 3167 1130 3230 omnis
1153 3167 1311 3250 presbiter

205 3271 256 3335 vel
279 3272 413 3336 clericus
429 3291 469 3336 ex
490 3271 531 3334 iis
553 3271 663 3354 quiin
684 3271 754 3354 ipso
775 3270 944 3354 procinctu
961 3267 1140 3332 beatissimi
1159 3269 1258 3348 Petri,
1279 3277 1311 3332 et

206 3395 317 3438 omnes
331 3373 380 3437 illi
394 3373 500 3457 quiin
514 3373 758 3456 circumscripto
775 3372 889 3456 spatio,
906 3372 989 3436 sicut
1004 3369 1174 3453 designant
1189 3391 1309 3450 cruces,

206 3475 255 3539 vel
269 3477 397 3554 fossata,
413 3476 462 3539 vel
483 3475 545 3538 alia
565 3475 667 3558 signa,
682 3475 730 3538 illi
748 3474 899 3538 aecclesiae
914 3472 1068 3551 serviunt,
1084 3472 1149 3536 sint
1166 3472 1259 3537 liberi
1277 3481 1311 3538 et

205 3578 344 3642 absoluti
369 3578 409 3642 ab
433 3578 522 3644 omni
543 3569 658 3643 'debito
680 3586 713 3641 et
735 3577 916 3641 redditione
937 3575 1137 3640 circadarum
1158 3583 1192 3640 et
1214 3597 1309 3661 syno-

206 3681 331 3747 dorum.
376 3683 499 3746 Tamen
514 3683 661 3746 volumus
681 3689 725 3759 et,
741 3701 802 3764 pro
815 3701 922 3744 amore
937 3677 988 3742 vel
1003 3678 1181 3742 reverentia
1197 3679 1309 3743 Sancti

205 3784 305 3861 Petri,
328 3783 543 3862 concedimus,
564 3790 601 3847 ut
622 3803 661 3846 ex
678 3790 790 3846 nostro
812 3781 863 3846 rel
885 3801 1104 3845 successorum
1126 3787 1308 3844 nostrorum

204 3885 389 3968 episcopatu
410 3886 481 3950 sine
501 3885 605 3969 pretio
627 3883 745 3948 crisma
773 3891 807 3947 et
836 3882 944 3948 oleum
965 3881 1132 3966 accipiant.
1186 3884 1309 3948 Gonoe-

204 3987 311 4050 dimus
330 3988 428 4051 etiam
445 3987 495 4050 illi
510 3987 582 4051 loco
599 3986 804 4071 cymiterium
825 3985 972 4065 liberum,
993 3985 1077 4049 sicut
1094 3991 1128 4049 et
1148 4007 1167 4048 a
1181 3985 1309 4067 regibus

203 4089 245 4152 ab
271 4089 413 4173 antiquis
427 4089 626 4174 temporibus
644 4109 832 4154 concessum
850 4087 965 4165 dierat,
985 4087 1032 4150 ita
1053 4094 1091 4150 ut
1114 4086 1307 4170 quicunque,

203 4192 243 4255 de
258 4213 449 4277 quocunque
462 4193 534 4257 loco
549 4192 598 4278 vel
610 4192 830 4275 cujuscunque
844 4189 1047 4267 conditionis,
1062 4188 1192 4272 petierit
1209 4210 1243 4252 se
1262 4188 1308 4252 ibi

203 4295 341 4379 sepeliri,
358 4316 426 4360 non
447 4295 640 4380 impediatur
654 4295 704 4358 vel
720 4293 939 4378 prohibeatur,
955 4292 1005 4357 vel
1024 4291 1064 4355 ab
1083 4292 1240 4375 episcopo,
1258 4292 1308 4355 vel

202 4398 243 4462 ab
258 4397 491 4477 archidiacono,
507 4398 557 4462 vel
572 4420 591 4460 a
605 4395 816 4480 parrochiano
831 4417 889 4462 suo
903 4394 1089 4479 presbitero.
1135 4394 1179 4457 Et
1193 4394 1220 4458 si
1236 4393 1308 4477 quis
