3234 5125
325 382 360 437 22
590 380 913 437 MISOELLANEOUS
932 379 1147 436 CHARTERS.

323 553 484 619 volentem
499 548 618 619 donsts
640 554 814 639 infringere
834 552 917 617 nibil
934 572 1065 636 prorsus
1078 550 1243 615 robustius
1255 572 1326 616 esse
1339 550 1428 615 ride·

324 663 415 722 retur
429 678 527 741 quem
535 656 720 721 donationis
735 654 885 721 menibus
898 662 1067 719 suetorum
1081 674 1119 719 se
1133 653 1267 717 testium
1279 651 1429 717 roboreto

325 781 392 824 non
406 758 558 824 inmerito
580 758 710 843 plurimi
728 766 855 843 petunt,
870 766 909 822 ut
923 779 995 841 quse
1008 756 1055 821 eis
1075 756 1205 820 conlets
1217 755 1429 819 dinoscimtur

325 862 775 947 paginaliterconfirmenturz
797 882 935 944 quorum
943 857 1214 944 postulationibus
1223 856 1427 923 tuntoliben-

326 965 392 1029 tius
412 972 567 1050 tantoque
584 964 766 1049 promptius
780 984 956 1028 consensus
969 960 1159 1047 praebendus
1172 969 1295 1046 qusnto
1311 968 1345 1024 et
1365 960 1430 1023 illis

327 1089 398 1151 quse
419 1076 609 1151 praecatores
629 1076 706 1131 sunt
723 1065 837 1131 utilior
855 1086 907 1131 res
927 1062 1105 1130 secundnm
1127 1063 1190 1129 hoc
1208 1062 1332 1128 visibile
1348 1042 1429 1128 scffi

327 1192 413 1235 nune
437 1170 619 1255 inpertitur.
664 1169 709 1233 Et
738 1168 880 1252 illisqui
908 1186 1109 1233 concessores
1130 1164 1272 1230 existmt
1297 1186 1357 1249 pro
1378 1166 1428 1229 in-

326 1272 444 1357 pertito
472 1293 577 1357 opere,
603 1271 733 1356 pietatis
759 1270 888 1335 uberior
912 1269 1036 1333 fluctus
1065 1268 1242 1333 secundum
1270 1268 1431 1333 invisibile

326 1375 532 1459 postmodum
546 1374 718 1439 tribuetur.
754 1372 975 1439 Qusmobrem
983 1393 1045 1456 ego
1053 1370 1258 1436 Ethilbuldus
1269 1392 1325 1435 rex
1340 1371 1430 1435 Mer-

328 1478 462 1555 eiorum,
485 1476 687 1562 presentibus
712 1474 840 1554 litteris,
863 1473 972 1539 indico'
1000 1495 1053 1538 me
1074 1473 1209 1552 dedisse,
1236 1494 1295 1557 pro
1323 1474 1432 1538 enims

329 1600 400 1643 mes
423 1578 578 1643 Alduulfo
606 1578 754 1663 episcopo
783 1577 985 1661 ecclesieque
1013 1575 1100 1641 besti
1128 1575 1268 1641 Andrese
1296 1576 1432 1661 spostoli

329 1703 427 1765 quem
452 1681 610 1764 gubernet
638 1679 735 1745 unius
763 1680 864 1759 nevis,
894 1678 960 1743 sive
988 1679 1045 1743 ills
1072 1678 1199 1763 proprie
1227 1678 1339 1762 ipsius,
1366 1678 1432 1743 sive

328 1782 500 1867 cujuslibet
528 1782 659 1847 alterius
687 1782 828 1846 hominis
856 1783 912 1861 sit,
941 1782 1114 1860 incessum,
1143 1780 1178 1845 id
1206 1790 1256 1846 est
1284 1782 1431 1866 rectigsl,

329 1886 409 1949 mihi
435 1892 468 1949 et
494 1882 746 1949 antecessoribus
771 1884 851 1949 meis
867 1885 941 1968 jure
962 1883 1051 1969 regio
1079 1884 1115 1947 in
1139 1892 1236 1968 portu
1260 1884 1432 1949 Lundonie

329 2009 431 2071 usque
444 1987 601 2052 haetenus
612 1993 846 2071 conpetentem,
859 1986 1142 2070 quemammodum
1153 1987 1432 2051 mansuetudinem

330 2106 474 2155 nostram
498 2090 632 2173 rogavit.
679 2090 761 2156 Quae
781 2088 914 2153 donetio
936 2090 1033 2153 utin
1056 2096 1248 2174 perpetuum
1270 2089 1365 2155 firme
1383 2090 1432 2173 [et

330 2192 452 2256 stabilis
475 2192 531 2275 sit]
563 2192 609 2255 its
632 2200 669 2256 ut
692 2191 801 2255 nullus
827 2212 900 2255 esm
924 2212 1048 2275 regum,
1072 2191 1123 2256 vel
1152 2191 1356 2275 optimstum,
1382 2193 1433 2257 vel

331 2294 583 2372 teloniariomm,
598 2294 649 2358 vel
669 2294 767 2358 etiam
779 2293 949 2378 juniorum
963 2293 1099 2377 quilibet
1119 2294 1271 2379 ipsorum,
1287 2294 1322 2356 in
1342 2302 1433 2379 purte

331 2403 388 2461 eut
402 2396 437 2460 iu
451 2404 531 2474 toto,
550 2396 599 2481 [in
613 2396 683 2480 irri]
691 2404 761 2459 tum
777 2404 961 2480 praesumst,
977 2404 1034 2460 sut
1047 2397 1148 2480 possit
1162 2396 1319 2461 sdduoere
1333 2418 1434 2462 msnu

332 2499 460 2585 proprie
481 2500 610 2584 signum
632 2507 751 2565 senctae
771 2500 875 2564 crucis
894 2499 1006 2564 subter
1024 2500 1060 2563 in
1078 2500 1138 2564 hnc
1155 2497 1294 2584 ps[gine
1306 2499 1431 2580 fecium,
1451 2516 1463 2533 ‘

331 2603 506 2688 testesque]
538 2611 575 2668 ut
600 2603 805 2668 subscribent
827 2609 946 2686 petam.
992 2603 1147 2686 Quisquis
1168 2602 1269 2686 igitur
1290 2602 1324 2666 id
1346 2602 1434 2686 quod

331 2728 389 2790 pro
409 2707 518 2770 anime
536 2727 609 2770 mes
627 2706 752 2784 donavi,
769 2715 826 2768 ent
847 2704 1036 2788 [douatu]m
1051 2715 1101 2770 est
1117 2706 1289 2770 inlibatum
1308 2728 1434 2790 permu-

332 2829 408 2873 uere
423 2809 613 2892 permiserit,
629 2807 747 2872 habeat
762 2807 1022 2872 communionem
1037 2808 1165 2872 beatum
1182 2831 1257 2874 cum
1276 2816 1433 2893 presente

332 2911 453 2974 Christi
469 2911 602 2974 ecclesie
621 2919 719 2993 etque
733 2910 852 2974 future.
900 2911 936 2974 Si
952 2911 1022 2993 quis
1038 2919 1146 2974 eutem
1160 2933 1227 2975 non
1241 2913 1433 2996 permiserit,

332 3022 497 3096 separetur
514 3035 533 3076 s
550 3012 701 3077 societate
719 3014 799 3095 [non
821 3013 925 3076 solum
952 3013 1042 3098 senc]
1049 3022 1156 3077 torum
1179 3014 1358 3092 hominurn,
1377 3015 1434 3079 sed

333 3116 431 3178 etiem
450 3115 649 3197 angelorum,
665 3125 816 3179 manente
829 3115 891 3180 hac
905 3115 1079 3180 donatione
1096 3124 1208 3182 nostru
1224 3117 1435 3182 nibilominus

331 3216 366 3279 in
381 3237 440 3280 sue
453 3216 614 3280 firmitate.

378 3321 497 3382 Actum
517 3339 626 3382 mense
642 3319 846 3401 Septembrio
869 3320 921 3385 die
935 3321 1040 3385 Indic.
1058 3343 1097 3386 11.
1114 3344 1199 3386 anno
1218 3324 1309 3407 regni
1331 3324 1436 3388 nostri

335 3441 416 3484 xvir.

336 3524 374 3604 ›1‹
391 3524 462 3605 Ego
477 3522 655 3587 AEthilbeld
670 3545 725 3587 rer
741 3524 921 3608 subscripsi.
968 3528 1008 3609 '1⁴
1023 3527 1159 3612 Signum
1171 3550 1286 3593 munus
1296 3528 1379 3594 Obs.

337 3627 375 3707 ›1‹
391 3626 463 3708 Ego
477 3625 616 3689 Danihel
630 3626 725 3710 epist.
739 3627 860 3711 scripsi.
968 3632 1008 3710 ›1‹
1020 3630 1156 3713 Signum
1164 3653 1280 3696 manus
1291 3632 1434 3716 Sigibed.

393 3729 507 3792 Dorso.

381 3830 506 3912 ›1⁴Hoc
522 3830 619 3894 etiem
637 3831 755 3896 iterum
778 3832 1003 3897 confirmatum
1018 3841 1068 3898 est
1090 3857 1109 3898 e
1127 3835 1341 3900 Beorhtuulfo
1360 3857 1436 3921 rege

335 3935 543 4012 Mereiorum,
554 3934 588 3996 in
604 3935 674 3998 vico
688 3935 787 4018 reguli
804 3935 1081 4020 Uuerburgeuuic.

380 4039 508 4121 ›14Ego
534 4037 711 4101 Berhtuulf
735 4058 788 4101 rex
819 4038 911 4102 Merd
940 4038 1024 4102 hunc
1047 4061 1153 4103 meam
1174 4039 1382 4106 donationem
1404 4051 1438 4106 et

335 4139 574 4224 predecessoris
589 4141 652 4203 mei
668 4140 861 4204 AEthilbnldi
881 4142 965 4223 regis
985 4162 1060 4205 cum
1075 4143 1168 4226 signo
1182 4147 1235 4208 ede
1249 4144 1354 4208 crucis
1372 4143 1441 4229 Xp'ri

336 4243 531 4320 confirmavi,
548 4242 598 4305 his
620 4241 756 4304 testibus
779 4243 1066 4322 consentientibus,
1091 4253 1123 4309 et
1147 4268 1283 4329 quorum
1304 4249 1439 4312 nomine

337 4345 388 4408 hic
409 4347 626 4420 continentur,
648 4343 687 4407 ed
710 4343 946 4427 indulgentiam
965 4346 1155 4412 delictorum
1174 4371 1320 4416 meorum
1341 4360 1439 4435 etque
