<?xml version="1.0" encoding="UTF-8"?>
<!DOCTYPE html PUBLIC "-//W3C//DTD XHTML 1.0 Transitional//EN"
    "http://www.w3.org/TR/xhtml1/DTD/xhtml1-transitional.dtd">
<html xmlns="http://www.w3.org/1999/xhtml" xml:lang="en" lang="en">
 <head>
  <title>
</title>
<meta http-equiv="Content-Type" content="text/html;charset=utf-8" />
  <meta name='ocr-system' content='tesseract 3.04.00' />
  <meta name='ocr-capabilities' content='ocr_page ocr_carea ocr_par ocr_line ocrx_word'/>
</head>
<body>
  <div class='ocr_page' id='page_1' title='image "./diplomatariuman02thorgoog_0118.png"; bbox 0 0 3234 5125; ppageno 0'>
   <div class='ocr_carea' id='block_1_1' title="bbox 315 428 1145 492">
    <p class='ocr_par' dir='ltr' id='par_1_1' title="bbox 315 428 1145 492">
     <span class='ocr_line' id='line_1_1' title="bbox 315 428 1145 492; baseline -0.001 -2"><span class='ocrx_word' id='word_1_1' title='bbox 315 428 350 482; x_wconf 80' lang='grc'>76</span> <span class='ocrx_word' id='word_1_2' title='bbox 590 435 911 492; x_wconf 72' lang='lat' dir='ltr'><strong>MISGELLANEOUS</strong></span> <span class='ocrx_word' id='word_1_3' title='bbox 931 435 1145 492; x_wconf 79' lang='lat' dir='ltr'>CHARTERS.</span> 
     </span>
    </p>
   </div>
   <div class='ocr_carea' id='block_1_2' title="bbox 278 601 1420 2537">
    <p class='ocr_par' dir='ltr' id='par_1_2' title="bbox 278 601 1420 2537">
     <span class='ocr_line' id='line_1_2' title="bbox 316 601 1420 691; baseline 0.004 -27"><span class='ocrx_word' id='word_1_4' title='bbox 316 601 403 665; x_wconf 86' lang='lat' dir='ltr'>illius</span> <span class='ocrx_word' id='word_1_5' title='bbox 431 604 570 690; x_wconf 79' lang='lat' dir='ltr'>episcopi</span> <span class='ocrx_word' id='word_1_6' title='bbox 599 608 793 691; x_wconf 80' lang='lat' dir='ltr'><strong>colloquium</strong></span> <span class='ocrx_word' id='word_1_7' title='bbox 822 607 1001 691; x_wconf 79' lang='lat' dir='ltr'>flagitabat,</span> <span class='ocrx_word' id='word_1_8' title='bbox 1030 625 1167 690; x_wconf 90' lang='lat' dir='ltr'>eumque</span> <span class='ocrx_word' id='word_1_9' title='bbox 1195 604 1231 669; x_wconf 97' lang='lat' dir='ltr'>in</span> <span class='ocrx_word' id='word_1_10' title='bbox 1255 603 1420 688; x_wconf 86' lang='lat' dir='ltr'>provincia</span> 
     </span>
     <span class='ocr_line' id='line_1_3' title="bbox 318 704 1416 793; baseline 0.003 -26"><span class='ocrx_word' id='word_1_11' title='bbox 318 704 534 771; x_wconf 80' lang='lat' dir='ltr'>Hwicciomm</span> <span class='ocrx_word' id='word_1_12' title='bbox 550 710 709 793; x_wconf 79' lang='lat' dir='ltr'><strong>expetivit,</strong></span> <span class='ocrx_word' id='word_1_13' title='bbox 721 710 778 774; x_wconf 92' lang='lat' dir='ltr'>illo</span> <span class='ocrx_word' id='word_1_14' title='bbox 792 710 828 773; x_wconf 92' lang='lat' dir='ltr'>in</span> <span class='ocrx_word' id='word_1_15' title='bbox 842 710 914 774; x_wconf 92' lang='lat' dir='ltr'>loco</span> <span class='ocrx_word' id='word_1_16' title='bbox 924 731 996 793; x_wconf 84' lang='lat' dir='ltr'>quoe</span> <span class='ocrx_word' id='word_1_17' title='bbox 1004 710 1192 773; x_wconf 84' lang='lat' dir='ltr'>nominatur</span> <span class='ocrx_word' id='word_1_18' title='bbox 1202 707 1416 785; x_wconf 79' lang='lat' dir='ltr'>Oslafeshlau,</span> 
     </span>
     <span class='ocr_line' id='line_1_4' title="bbox 316 808 1417 898; baseline 0.003 -27"><span class='ocrx_word' id='word_1_19' title='bbox 316 808 409 892; x_wconf 88' lang='lat' dir='ltr'>eique</span> <span class='ocrx_word' id='word_1_20' title='bbox 432 832 524 874; x_wconf 85' lang='lat' dir='ltr'>auam</span> <span class='ocrx_word' id='word_1_21' title='bbox 552 812 772 898; x_wconf 83' lang='lat' dir='ltr'><strong>insipientiam</strong></span> <span class='ocrx_word' id='word_1_22' title='bbox 796 813 941 878; x_wconf 82' lang='lat' dir='ltr'>confessa</span> <span class='ocrx_word' id='word_1_23' title='bbox 966 820 1016 877; x_wconf 88' lang='lat' dir='ltr'>est</span> <span class='ocrx_word' id='word_1_24' title='bbox 1045 811 1206 876; x_wconf 83' lang='lat' dir='ltr'>retardato</span> <span class='ocrx_word' id='word_1_25' title='bbox 1230 810 1417 875; x_wconf 81' lang='lat' dir='ltr'>reconcilia·</span> 
     </span>
     <span class='ocr_line' id='line_1_5' title="bbox 315 911 1417 998; baseline 0.002 -25"><span class='ocrx_word' id='word_1_26' title='bbox 315 911 413 975; x_wconf 90' lang='lat' dir='ltr'>tionis</span> <span class='ocrx_word' id='word_1_27' title='bbox 421 936 431 990; x_wconf 91' lang='lat'>;</span> <span class='ocrx_word' id='word_1_28' title='bbox 455 913 516 978; x_wconf 92' lang='lat' dir='ltr'>hoc</span> <span class='ocrx_word' id='word_1_29' title='bbox 530 922 579 978; x_wconf 84' lang='lat' dir='ltr'>cst</span> <span class='ocrx_word' id='word_1_30' title='bbox 594 915 680 978; x_wconf 82' lang='lat' dir='ltr'>illius</span> <span class='ocrx_word' id='word_1_31' title='bbox 695 922 788 979; x_wconf 84' lang='lat' dir='ltr'>terrae</span> <span class='ocrx_word' id='word_1_32' title='bbox 803 935 901 998; x_wconf 88' lang='lat' dir='ltr'>quam</span> <span class='ocrx_word' id='word_1_33' title='bbox 916 922 992 979; x_wconf 84' lang='lat' dir='ltr'>ante</span> <span class='ocrx_word' id='word_1_34' title='bbox 1009 914 1184 998; x_wconf 83' lang='lat' dir='ltr'>negaberat</span> <span class='ocrx_word' id='word_1_35' title='bbox 1192 939 1202 992; x_wconf 91' lang='lat'>;</span> <span class='ocrx_word' id='word_1_36' title='bbox 1226 920 1367 997; x_wconf 89' lang='lat' dir='ltr'>tuncque</span> <span class='ocrx_word' id='word_1_37' title='bbox 1381 911 1417 975; x_wconf 89' lang='lat' dir='ltr'>in</span> 
     </span>
     <span class='ocr_line' id='line_1_6' title="bbox 315 1014 1416 1102; baseline 0.001 -25"><span class='ocrx_word' id='word_1_38' title='bbox 315 1014 426 1078; x_wconf 84' lang='lat' dir='ltr'>eodem</span> <span class='ocrx_word' id='word_1_39' title='bbox 452 1016 523 1080; x_wconf 91' lang='lat' dir='ltr'>loco</span> <span class='ocrx_word' id='word_1_40' title='bbox 547 1017 724 1102; x_wconf 89' lang='lat' dir='ltr'>episcopus,</span> <span class='ocrx_word' id='word_1_41' title='bbox 747 1017 805 1081; x_wconf 93' lang='lat' dir='ltr'>illa</span> <span class='ocrx_word' id='word_1_42' title='bbox 826 1017 913 1083; x_wconf 75' lang='lat' dir='ltr'>abbt.</span> <span class='ocrx_word' id='word_1_43' title='bbox 937 1027 1104 1102; x_wconf 81' lang='lat' dir='ltr'>praesente‚</span> <span class='ocrx_word' id='word_1_44' title='bbox 1127 1016 1305 1101; x_wconf 77' lang='lat' dir='ltr'>exponebat</span> <span class='ocrx_word' id='word_1_45' title='bbox 1330 1015 1416 1100; x_wconf 92' lang='lat' dir='ltr'>quod</span> 
     </span>
     <span class='ocr_line' id='line_1_7' title="bbox 312 1115 1416 1205; baseline 0.003 -26"><span class='ocrx_word' id='word_1_46' title='bbox 312 1115 367 1181; x_wconf 91' lang='lat' dir='ltr'>ille</span> <span class='ocrx_word' id='word_1_47' title='bbox 392 1119 538 1183; x_wconf 83' lang='lat' dir='ltr'>oninium</span> <span class='ocrx_word' id='word_1_48' title='bbox 561 1121 768 1205; x_wconf 80' lang='lat' dir='ltr'>antiquorum</span> <span class='ocrx_word' id='word_1_49' title='bbox 797 1142 967 1185; x_wconf 84' lang='lat' dir='ltr'>causarum</span> <span class='ocrx_word' id='word_1_50' title='bbox 988 1142 1068 1205; x_wconf 89' lang='lat' dir='ltr'>quas</span> <span class='ocrx_word' id='word_1_51' title='bbox 1093 1128 1169 1184; x_wconf 88' lang='lat' dir='ltr'>ante</span> <span class='ocrx_word' id='word_1_52' title='bbox 1191 1119 1416 1184; x_wconf 87' lang='lat' dir='ltr'>reconciliave-</span> 
     </span>
     <span class='ocr_line' id='line_1_8' title="bbox 312 1220 1415 1305; baseline 0.002 -23"><span class='ocrx_word' id='word_1_53' title='bbox 312 1227 390 1282; x_wconf 83' lang='lat' dir='ltr'><strong>runt</strong></span> <span class='ocrx_word' id='word_1_54' title='bbox 403 1220 557 1286; x_wconf 83' lang='lat' dir='ltr'>liberatus</span> <span class='ocrx_word' id='word_1_55' title='bbox 571 1221 694 1301; x_wconf 75' lang='lat' dir='ltr'>diisset,</span> <span class='ocrx_word' id='word_1_56' title='bbox 710 1243 784 1286; x_wconf 91' lang='lat' dir='ltr'>cnm</span> <span class='ocrx_word' id='word_1_57' title='bbox 799 1222 856 1285; x_wconf 93' lang='lat' dir='ltr'>illa</span> <span class='ocrx_word' id='word_1_58' title='bbox 869 1222 1011 1305; x_wconf 84' lang='lat' dir='ltr'>perfecta</span> <span class='ocrx_word' id='word_1_59' title='bbox 1024 1242 1091 1286; x_wconf 91' lang='lat' dir='ltr'>non</span> <span class='ocrx_word' id='word_1_60' title='bbox 1106 1222 1238 1286; x_wconf 78' lang='lat' dir='ltr'>dierimt</span> <span class='ocrx_word' id='word_1_61' title='bbox 1252 1243 1325 1305; x_wconf 83' lang='lat' dir='ltr'>quae</span> <span class='ocrx_word' id='word_1_62' title='bbox 1339 1228 1415 1285; x_wconf 87' lang='lat' dir='ltr'>ante</span> 
     </span>
     <span class='ocr_line' id='line_1_9' title="bbox 313 1322 1414 1406; baseline 0.002 -22"><span class='ocrx_word' id='word_1_63' title='bbox 313 1322 469 1406; x_wconf 84' lang='lat' dir='ltr'>spondato</span> <span class='ocrx_word' id='word_1_64' title='bbox 483 1324 658 1389; x_wconf 76' lang='lat' dir='ltr'><strong>habuisset.</strong></span> <span class='ocrx_word' id='word_1_65' title='bbox 702 1325 787 1388; x_wconf 73' lang='lat' dir='ltr'>&#39;lum</span> <span class='ocrx_word' id='word_1_66' title='bbox 806 1333 916 1387; x_wconf 80' lang='lat' dir='ltr'>autem</span> <span class='ocrx_word' id='word_1_67' title='bbox 934 1325 991 1388; x_wconf 94' lang='lat' dir='ltr'>illa</span> <span class='ocrx_word' id='word_1_68' title='bbox 1010 1326 1095 1389; x_wconf 83' lang='lat' dir='ltr'>abbt.</span> <span class='ocrx_word' id='word_1_69' title='bbox 1107 1346 1182 1390; x_wconf 94' lang='lat' dir='ltr'>cum</span> <span class='ocrx_word' id='word_1_70' title='bbox 1200 1324 1291 1388; x_wconf 93' lang='lat' dir='ltr'>omni</span> <span class='ocrx_word' id='word_1_71' title='bbox 1307 1323 1414 1387; x_wconf 90' lang='lat' dir='ltr'>humi·</span> 
     </span>
     <span class='ocr_line' id='line_1_10' title="bbox 312 1423 1412 1510; baseline 0.003 -24"><span class='ocrx_word' id='word_1_72' title='bbox 312 1423 404 1489; x_wconf 80' lang='lat' dir='ltr'>litate</span> <span class='ocrx_word' id='word_1_73' title='bbox 426 1427 625 1510; x_wconf 73' lang='lat' dir='ltr'>promiserat,</span> <span class='ocrx_word' id='word_1_74' title='bbox 642 1433 680 1489; x_wconf 93' lang='lat' dir='ltr'>ut</span> <span class='ocrx_word' id='word_1_75' title='bbox 700 1447 796 1490; x_wconf 88' lang='lat' dir='ltr'>omne</span> <span class='ocrx_word' id='word_1_76' title='bbox 817 1426 904 1510; x_wconf 90' lang='lat' dir='ltr'>quod</span> <span class='ocrx_word' id='word_1_77' title='bbox 926 1426 957 1490; x_wconf 94' lang='lat' dir='ltr'>ei</span> <span class='ocrx_word' id='word_1_78' title='bbox 978 1425 1106 1491; x_wconf 86' lang='lat' dir='ltr'>reddito</span> <span class='ocrx_word' id='word_1_79' title='bbox 1127 1448 1193 1491; x_wconf 91' lang='lat' dir='ltr'>non</span> <span class='ocrx_word' id='word_1_80' title='bbox 1210 1426 1317 1490; x_wconf 68' lang='lat' dir='ltr'>fixerat</span> <span class='ocrx_word' id='word_1_81' title='bbox 1338 1447 1412 1491; x_wconf 88' lang='lat' dir='ltr'>cnm</span> 
     </span>
     <span class='ocr_line' id='line_1_11' title="bbox 310 1527 1413 1613; baseline 0.003 -24"><span class='ocrx_word' id='word_1_82' title='bbox 310 1527 400 1590; x_wconf 90' lang='lat' dir='ltr'>omni</span> <span class='ocrx_word' id='word_1_83' title='bbox 415 1528 583 1593; x_wconf 87' lang='lat' dir='ltr'>devotione</span> <span class='ocrx_word' id='word_1_84' title='bbox 597 1528 851 1612; x_wconf 72' lang='lat' dir='ltr'>diligentissimae</span> <span class='ocrx_word' id='word_1_85' title='bbox 865 1527 1035 1592; x_wconf 86' lang='lat' dir='ltr'>emendare</span> <span class='ocrx_word' id='word_1_86' title='bbox 1049 1529 1219 1596; x_wconf 85' lang='lat' dir='ltr'>voluisset:</span> <span class='ocrx_word' id='word_1_87' title='bbox 1242 1529 1413 1613; x_wconf 86' lang='lat' dir='ltr'>quosdam·</span> 
     </span>
     <span class='ocr_line' id='line_1_12' title="bbox 312 1631 1411 1716; baseline 0.002 -22"><span class='ocrx_word' id='word_1_88' title='bbox 312 1653 374 1714; x_wconf 90' lang='lat' dir='ltr'>que</span> <span class='ocrx_word' id='word_1_89' title='bbox 388 1631 497 1711; x_wconf 87' lang='lat' dir='ltr'>libros,</span> <span class='ocrx_word' id='word_1_90' title='bbox 507 1654 587 1716; x_wconf 85' lang='lat' dir='ltr'>quos</span> <span class='ocrx_word' id='word_1_91' title='bbox 605 1640 681 1696; x_wconf 82' lang='lat' dir='ltr'>ante</span> <span class='ocrx_word' id='word_1_92' title='bbox 694 1653 761 1695; x_wconf 89' lang='lat' dir='ltr'>non</span> <span class='ocrx_word' id='word_1_93' title='bbox 775 1631 925 1709; x_wconf 83' lang='lat' dir='ltr'>habebat,</span> <span class='ocrx_word' id='word_1_94' title='bbox 941 1632 977 1694; x_wconf 93' lang='lat' dir='ltr'>in</span> <span class='ocrx_word' id='word_1_95' title='bbox 991 1631 1103 1696; x_wconf 88' lang='lat' dir='ltr'>eodem</span> <span class='ocrx_word' id='word_1_96' title='bbox 1118 1632 1255 1696; x_wconf 89' lang='lat' dir='ltr'>concilio</span> <span class='ocrx_word' id='word_1_97' title='bbox 1272 1632 1322 1695; x_wconf 92' lang='lat' dir='ltr'>illi</span> <span class='ocrx_word' id='word_1_98' title='bbox 1340 1632 1411 1696; x_wconf 89' lang='lat' dir='ltr'>red·</span> 
     </span>
     <span class='ocr_line' id='line_1_13' title="bbox 278 1722 1411 1819; baseline 0.002 -23"><span class='ocrx_word' id='word_1_99' title='bbox 278 1722 286 1737; x_wconf 84' lang='lat'>&#39;</span> <span class='ocrx_word' id='word_1_100' title='bbox 312 1733 426 1812; x_wconf 86' lang='lat' dir='ltr'>debat;</span> <span class='ocrx_word' id='word_1_101' title='bbox 450 1734 588 1818; x_wconf 83' lang='lat' dir='ltr'>agellum</span> <span class='ocrx_word' id='word_1_102' title='bbox 605 1755 731 1819; x_wconf 92' lang='lat' dir='ltr'>quoque</span> <span class='ocrx_word' id='word_1_103' title='bbox 753 1755 822 1797; x_wconf 86' lang='lat'>1111.</span> <span class='ocrx_word' id='word_1_104' title='bbox 838 1735 992 1812; x_wconf 66' lang='lat' dir='ltr'>manent„</span> <span class='ocrx_word' id='word_1_105' title='bbox 1012 1755 1071 1818; x_wconf 89' lang='lat' dir='ltr'>pro</span> <span class='ocrx_word' id='word_1_106' title='bbox 1090 1735 1160 1818; x_wconf 89' lang='lat' dir='ltr'>ejus</span> <span class='ocrx_word' id='word_1_107' title='bbox 1182 1733 1314 1798; x_wconf 87' lang='lat' dir='ltr'>amabili</span> <span class='ocrx_word' id='word_1_108' title='bbox 1331 1735 1411 1798; x_wconf 88' lang='lat' dir='ltr'>ami-</span> 
     </span>
     <span class='ocr_line' id='line_1_14' title="bbox 310 1822 1412 1921; baseline 0.002 -23"><span class='ocrx_word' id='word_1_109' title='bbox 310 1836 396 1914; x_wconf 86' lang='lat' dir='ltr'>citis,</span> <span class='ocrx_word' id='word_1_110' title='bbox 426 1836 465 1900; x_wconf 90' lang='lat' dir='ltr'>ad</span> <span class='ocrx_word' id='word_1_111' title='bbox 495 1837 584 1900; x_wconf 89' lang='lat' dir='ltr'>illam</span> <span class='ocrx_word' id='word_1_112' title='bbox 609 1837 876 1921; x_wconf 71' lang='lat' dir='ltr'>praenominatam</span> <span class='ocrx_word' id='word_1_113' title='bbox 897 1822 1017 1900; x_wconf 82' lang='lat' dir='ltr'>terram</span> <span class='ocrx_word' id='word_1_114' title='bbox 1046 1842 1089 1901; x_wconf 82' lang='lat' dir='ltr'>aet</span> <span class='ocrx_word' id='word_1_115' title='bbox 1116 1836 1246 1920; x_wconf 83' lang='lat' dir='ltr'>Hearge</span> <span class='ocrx_word' id='word_1_116' title='bbox 1268 1836 1412 1901; x_wconf 91' lang='lat' dir='ltr'>donabit.</span> 
     </span>
     <span class='ocr_line' id='line_1_15' title="bbox 312 1936 1409 2023; baseline 0.003 -21"><span class='ocrx_word' id='word_1_117' title='bbox 312 1936 468 2002; x_wconf 78' lang='lat' dir='ltr'>Similiter</span> <span class='ocrx_word' id='word_1_118' title='bbox 487 1940 586 2002; x_wconf 88' lang='lat' dir='ltr'>etiam</span> <span class='ocrx_word' id='word_1_119' title='bbox 604 1947 637 2003; x_wconf 91' lang='lat' dir='ltr'>et</span> <span class='ocrx_word' id='word_1_120' title='bbox 655 1940 691 2002; x_wconf 90' lang='lat' dir='ltr'>in</span> <span class='ocrx_word' id='word_1_121' title='bbox 710 1939 875 2023; x_wconf 83' lang='lat' dir='ltr'>provincia</span> <span class='ocrx_word' id='word_1_122' title='bbox 892 1939 1019 2004; x_wconf 82' lang='lat' dir='ltr'>Cantiae</span> <span class='ocrx_word' id='word_1_123' title='bbox 1033 1960 1105 2002; x_wconf 84' lang='lat' dir='ltr'>xxx.</span> <span class='ocrx_word' id='word_1_124' title='bbox 1121 1941 1264 2004; x_wconf 73' lang='lat' dir='ltr'>manent.</span> <span class='ocrx_word' id='word_1_125' title='bbox 1279 1948 1409 2019; x_wconf 86' lang='lat' dir='ltr'>terram,</span> 
     </span>
     <span class='ocr_line' id='line_1_16' title="bbox 309 2039 1409 2126; baseline 0.005 -24"><span class='ocrx_word' id='word_1_126' title='bbox 309 2039 366 2105; x_wconf 94' lang='lat' dir='ltr'>ubi</span> <span class='ocrx_word' id='word_1_127' title='bbox 394 2041 513 2105; x_wconf 86' lang='lat' dir='ltr'>dicitur</span> <span class='ocrx_word' id='word_1_128' title='bbox 541 2049 583 2106; x_wconf 77' lang='lat' dir='ltr'>set</span> <span class='ocrx_word' id='word_1_129' title='bbox 612 2039 747 2120; x_wconf 87' lang='lat' dir='ltr'>Cumbe,</span> <span class='ocrx_word' id='word_1_130' title='bbox 777 2063 852 2106; x_wconf 88' lang='lat' dir='ltr'>cum</span> <span class='ocrx_word' id='word_1_131' title='bbox 877 2041 1022 2126; x_wconf 85' lang='lat' dir='ltr'>ejusdem</span> <span class='ocrx_word' id='word_1_132' title='bbox 1043 2042 1172 2122; x_wconf 86' lang='lat' dir='ltr'>libellis,</span> <span class='ocrx_word' id='word_1_133' title='bbox 1195 2043 1235 2106; x_wconf 88' lang='lat' dir='ltr'>ad</span> <span class='ocrx_word' id='word_1_134' title='bbox 1260 2042 1409 2108; x_wconf 88' lang='lat' dir='ltr'>emenda·</span> 
     </span>
     <span class='ocr_line' id='line_1_17' title="bbox 308 2143 1411 2229; baseline 0.005 -24"><span class='ocrx_word' id='word_1_135' title='bbox 308 2143 430 2208; x_wconf 88' lang='lat' dir='ltr'>tionem</span> <span class='ocrx_word' id='word_1_136' title='bbox 458 2144 506 2207; x_wconf 90' lang='lat' dir='ltr'>illi</span> <span class='ocrx_word' id='word_1_137' title='bbox 534 2145 571 2206; x_wconf 92' lang='lat' dir='ltr'>in</span> <span class='ocrx_word' id='word_1_138' title='bbox 600 2144 828 2229; x_wconf 87' lang='lat' dir='ltr'>sempiternam</span> <span class='ocrx_word' id='word_1_139' title='bbox 852 2143 1066 2209; x_wconf 74' lang='lat' dir='ltr'>hereditatem</span> <span class='ocrx_word' id='word_1_140' title='bbox 1092 2145 1251 2224; x_wconf 75' lang='lat' dir='ltr'>donasset,</span> <span class='ocrx_word' id='word_1_141' title='bbox 1282 2155 1319 2210; x_wconf 93' lang='lat' dir='ltr'>ut</span> <span class='ocrx_word' id='word_1_142' title='bbox 1348 2147 1411 2212; x_wconf 86' lang='lat' dir='ltr'>ista</span> 
     </span>
     <span class='ocr_line' id='line_1_18' title="bbox 308 2245 1408 2330; baseline 0.004 -21"><span class='ocrx_word' id='word_1_143' title='bbox 308 2245 458 2329; x_wconf 77' lang='lat' dir='ltr'>praedicts</span> <span class='ocrx_word' id='word_1_144' title='bbox 469 2246 686 2311; x_wconf 83' lang='lat' dir='ltr'>reconciliatio</span> <span class='ocrx_word' id='word_1_145' title='bbox 701 2246 826 2312; x_wconf 81' lang='lat' dir='ltr'>stabilis</span> <span class='ocrx_word' id='word_1_146' title='bbox 840 2247 997 2330; x_wconf 84' lang='lat' dir='ltr'>firmaque</span> <span class='ocrx_word' id='word_1_147' title='bbox 1012 2255 1232 2330; x_wconf 80' lang='lat' dir='ltr'>permaneret3</span> <span class='ocrx_word' id='word_1_148' title='bbox 1256 2256 1294 2312; x_wconf 89' lang='lat' dir='ltr'>ut</span> <span class='ocrx_word' id='word_1_149' title='bbox 1302 2249 1408 2313; x_wconf 89' lang='lat' dir='ltr'>omnis</span> 
     </span>
     <span class='ocr_line' id='line_1_19' title="bbox 308 2347 1408 2432; baseline 0.003 -20"><span class='ocrx_word' id='word_1_150' title='bbox 308 2348 469 2413; x_wconf 80' lang='lat' dir='ltr'>hereditas</span> <span class='ocrx_word' id='word_1_151' title='bbox 487 2349 663 2415; x_wconf 77' lang='lat' dir='ltr'>Coenwulfi</span> <span class='ocrx_word' id='word_1_152' title='bbox 680 2347 875 2432; x_wconf 85' lang='lat' dir='ltr'>herodesque</span> <span class='ocrx_word' id='word_1_153' title='bbox 894 2348 981 2412; x_wconf 89' lang='lat' dir='ltr'>illius</span> <span class='ocrx_word' id='word_1_154' title='bbox 1001 2349 1168 2414; x_wconf 84' lang='lat' dir='ltr'>firmaliter</span> <span class='ocrx_word' id='word_1_155' title='bbox 1191 2350 1258 2414; x_wconf 85' lang='lat' dir='ltr'>sint</span> <span class='ocrx_word' id='word_1_156' title='bbox 1272 2351 1408 2416; x_wconf 84' lang='lat' dir='ltr'>liberati.</span> 
     </span>
     <span class='ocr_line' id='line_1_20' title="bbox 306 2450 1408 2537; baseline 0.002 -21"><span class='ocrx_word' id='word_1_157' title='bbox 306 2452 644 2537; x_wconf 65' lang='lat' dir='ltr'>[tuncqueepiacopun</span> <span class='ocrx_word' id='word_1_158' title='bbox 673 2452 734 2516; x_wconf 91' lang='lat' dir='ltr'>hoc</span> <span class='ocrx_word' id='word_1_159' title='bbox 758 2451 858 2516; x_wconf 87' lang='lat' dir='ltr'>idem·</span> <span class='ocrx_word' id='word_1_160' title='bbox 871 2451 1043 2530; x_wconf 87' lang='lat' dir='ltr'>consensit,</span> <span class='ocrx_word' id='word_1_161' title='bbox 1068 2450 1130 2516; x_wconf 88' lang='lat' dir='ltr'>hac</span> <span class='ocrx_word' id='word_1_162' title='bbox 1151 2452 1349 2531; x_wconf 82' lang='lat' dir='ltr'>condicione,</span> <span class='ocrx_word' id='word_1_163' title='bbox 1370 2463 1408 2518; x_wconf 93' lang='lat' dir='ltr'>ut</span> 
     </span>
    </p>
   </div>
   <div class='ocr_carea' id='block_1_3' title="bbox 170 2553 1405 2641">
    <p class='ocr_par' dir='ltr' id='par_1_3' title="bbox 170 2553 1405 2641">
     <span class='ocr_line' id='line_1_21' title="bbox 170 2553 1405 2641; baseline 0.001 -21"><span class='ocrx_word' id='word_1_164' title='bbox 170 2622 174 2629; x_wconf 74' lang='grc'><em>,</em></span> <span class='ocrx_word' id='word_1_165' title='bbox 305 2556 434 2620; x_wconf 85' lang='lat' dir='ltr'>illorum</span> <span class='ocrx_word' id='word_1_166' title='bbox 462 2555 687 2641; x_wconf 84' lang='lat' dir='ltr'>praedictorum</span> <span class='ocrx_word' id='word_1_167' title='bbox 714 2554 889 2639; x_wconf 84' lang='lat' dir='ltr'>agellorum</span> <span class='ocrx_word' id='word_1_168' title='bbox 915 2554 1048 2619; x_wconf 92' lang='lat' dir='ltr'>nomina</span> <span class='ocrx_word' id='word_1_169' title='bbox 1072 2553 1113 2619; x_wconf 86' lang='lat' dir='ltr'>dc</span> <span class='ocrx_word' id='word_1_170' title='bbox 1138 2555 1280 2640; x_wconf 86' lang='lat' dir='ltr'>antiquis</span> <span class='ocrx_word' id='word_1_171' title='bbox 1309 2557 1405 2640; x_wconf 86' lang='lat' dir='ltr'>privi-</span> 
     </span>
    </p>
   </div>
   <div class='ocr_carea' id='block_1_4' title="bbox 293 2657 1450 4489">
    <p class='ocr_par' dir='ltr' id='par_1_4' title="bbox 299 2657 1450 3665">
     <span class='ocr_line' id='line_1_22' title="bbox 305 2657 1407 2744; baseline 0.002 -23"><span class='ocrx_word' id='word_1_172' title='bbox 305 2658 396 2743; x_wconf 80' lang='lat' dir='ltr'>legiis</span> <span class='ocrx_word' id='word_1_173' title='bbox 408 2680 479 2743; x_wconf 87' lang='lat' dir='ltr'>quae</span> <span class='ocrx_word' id='word_1_174' title='bbox 493 2667 570 2723; x_wconf 90' lang='lat' dir='ltr'>aunt</span> <span class='ocrx_word' id='word_1_175' title='bbox 584 2657 880 2723; x_wconf 81' lang='lat' dir='ltr'>aetWincelcnmbe</span> <span class='ocrx_word' id='word_1_176' title='bbox 894 2657 1017 2721; x_wconf 86' lang='lat' dir='ltr'>craduti</span> <span class='ocrx_word' id='word_1_177' title='bbox 1031 2657 1162 2738; x_wconf 82' lang='lat' dir='ltr'>fuerint,</span> <span class='ocrx_word' id='word_1_178' title='bbox 1178 2659 1360 2744; x_wconf 82' lang='lat' dir='ltr'>iterumque</span> <span class='ocrx_word' id='word_1_179' title='bbox 1371 2661 1407 2723; x_wconf 93' lang='lat' dir='ltr'>in</span> 
     </span>
     <span class='ocr_line' id='line_1_23' title="bbox 303 2760 1406 2847; baseline 0 -21"><span class='ocrx_word' id='word_1_180' title='bbox 303 2770 467 2847; x_wconf 84' lang='lat' dir='ltr'>posterum</span> <span class='ocrx_word' id='word_1_181' title='bbox 491 2784 557 2827; x_wconf 91' lang='lat' dir='ltr'>non</span> <span class='ocrx_word' id='word_1_182' title='bbox 579 2769 655 2826; x_wconf 87' lang='lat' dir='ltr'>sunt</span> <span class='ocrx_word' id='word_1_183' title='bbox 677 2760 802 2845; x_wconf 88' lang='lat' dir='ltr'>prolati.</span> <span class='ocrx_word' id='word_1_184' title='bbox 850 2760 886 2823; x_wconf 87' lang='lat' dir='ltr'>Si</span> <span class='ocrx_word' id='word_1_185' title='bbox 909 2768 1017 2823; x_wconf 91' lang='lat' dir='ltr'>autem</span> <span class='ocrx_word' id='word_1_186' title='bbox 1039 2760 1158 2824; x_wconf 86' lang='lat' dir='ltr'>iterum</span> <span class='ocrx_word' id='word_1_187' title='bbox 1180 2760 1287 2845; x_wconf 84' lang='lat' dir='ltr'>aliqua</span> <span class='ocrx_word' id='word_1_188' title='bbox 1311 2762 1406 2826; x_wconf 85' lang='lat' dir='ltr'>alter·</span> 
     </span>
     <span class='ocr_line' id='line_1_24' title="bbox 302 2862 1404 2945; baseline -0.002 -15"><span class='ocrx_word' id='word_1_189' title='bbox 302 2866 385 2930; x_wconf 90' lang='lat' dir='ltr'>catio</span> <span class='ocrx_word' id='word_1_190' title='bbox 415 2865 455 2929; x_wconf 94' lang='lat' dir='ltr'>ab</span> <span class='ocrx_word' id='word_1_191' title='bbox 485 2865 580 2929; x_wconf 88' lang='lat' dir='ltr'>alicui</span> <span class='ocrx_word' id='word_1_192' title='bbox 605 2864 721 2928; x_wconf 84' lang='lat' dir='ltr'>herede</span> <span class='ocrx_word' id='word_1_193' title='bbox 751 2862 926 2927; x_wconf 78' lang='lat' dir='ltr'>Coenwulfi</span> <span class='ocrx_word' id='word_1_194' title='bbox 955 2862 1155 2945; x_wconf 84' lang='lat' dir='ltr'>inposterum</span> <span class='ocrx_word' id='word_1_195' title='bbox 1184 2863 1270 2927; x_wconf 86' lang='lat' dir='ltr'>elata</span> <span class='ocrx_word' id='word_1_196' title='bbox 1297 2864 1404 2943; x_wconf 85' lang='lat' dir='ltr'>fuerit,</span> 
     </span>
     <span class='ocr_line' id='line_1_25' title="bbox 302 2962 1406 3052; baseline -0.003 -19"><span class='ocrx_word' id='word_1_197' title='bbox 302 2968 421 3052; x_wconf 87' lang='lat' dir='ltr'>absque</span> <span class='ocrx_word' id='word_1_198' title='bbox 449 2968 537 3033; x_wconf 93' lang='lat' dir='ltr'>omni</span> <span class='ocrx_word' id='word_1_199' title='bbox 566 2966 768 3031; x_wconf 85' lang='lat' dir='ltr'>dubitatione</span> <span class='ocrx_word' id='word_1_200' title='bbox 797 2964 878 3028; x_wconf 89' lang='lat' dir='ltr'>sciat</span> <span class='ocrx_word' id='word_1_201' title='bbox 906 2984 959 3027; x_wconf 91' lang='lat' dir='ltr'>me</span> <span class='ocrx_word' id='word_1_202' title='bbox 988 2962 1125 3028; x_wconf 89' lang='lat' dir='ltr'>liberum</span> <span class='ocrx_word' id='word_1_203' title='bbox 1157 2986 1226 3029; x_wconf 85' lang='lat' dir='ltr'>ease</span> <span class='ocrx_word' id='word_1_204' title='bbox 1254 2986 1406 3051; x_wconf 85' lang='lat' dir='ltr'>measque</span> 
     </span>
     <span class='ocr_line' id='line_1_26' title="bbox 303 3067 1405 3153; baseline 0 -19"><span class='ocrx_word' id='word_1_205' title='bbox 303 3070 469 3151; x_wconf 78' lang='lat' dir='ltr'>heredes]</span> <span class='ocrx_word' id='word_1_206' title='bbox 486 3068 652 3133; x_wconf 85' lang='lat' dir='ltr'>ecclesiam</span> <span class='ocrx_word' id='word_1_207' title='bbox 667 3068 732 3153; x_wconf 78' lang='lat' dir='ltr'>xpi</span> <span class='ocrx_word' id='word_1_208' title='bbox 749 3067 913 3151; x_wconf 89' lang='lat' dir='ltr'>justitiam</span> <span class='ocrx_word' id='word_1_209' title='bbox 933 3075 967 3129; x_wconf 89' lang='lat' dir='ltr'>et</span> <span class='ocrx_word' id='word_1_210' title='bbox 985 3067 1242 3132; x_wconf 89' lang='lat' dir='ltr'>emendationem</span> <span class='ocrx_word' id='word_1_211' title='bbox 1257 3068 1297 3133; x_wconf 89' lang='lat' dir='ltr'>ad</span> <span class='ocrx_word' id='word_1_212' title='bbox 1313 3071 1405 3134; x_wconf 90' lang='lat' dir='ltr'>here·</span> 
     </span>
     <span class='ocr_line' id='line_1_27' title="bbox 302 3169 1403 3255; baseline 0 -19"><span class='ocrx_word' id='word_1_213' title='bbox 302 3173 375 3236; x_wconf 86' lang='lat' dir='ltr'>dem</span> <span class='ocrx_word' id='word_1_214' title='bbox 404 3171 692 3255; x_wconf 17' lang='lat' dir='ltr'>illam-requirere,</span> <span class='ocrx_word' id='word_1_215' title='bbox 722 3169 893 3251; x_wconf 88' lang='lat' dir='ltr'>omniaque</span> <span class='ocrx_word' id='word_1_216' title='bbox 922 3169 1141 3252; x_wconf 88' lang='lat' dir='ltr'>suprascripta</span> <span class='ocrx_word' id='word_1_217' title='bbox 1168 3170 1290 3255; x_wconf 86' lang='lat' dir='ltr'>injuria</span> <span class='ocrx_word' id='word_1_218' title='bbox 1317 3172 1403 3236; x_wconf 87' lang='lat' dir='ltr'>inre-</span> 
     </span>
     <span class='ocr_line' id='line_1_28' title="bbox 300 3260 1404 3358; baseline 0 -19"><span class='ocrx_word' id='word_1_219' title='bbox 300 3260 471 3339; x_wconf 77' lang='lat' dir='ltr'>conciliata</span> <span class='ocrx_word' id='word_1_220' title='bbox 484 3294 679 3358; x_wconf 85' lang='lat' dir='ltr'>permanere.</span> <span class='ocrx_word' id='word_1_221' title='bbox 726 3273 807 3335; x_wconf 86' lang='lat' dir='ltr'>Haec</span> <span class='ocrx_word' id='word_1_222' title='bbox 825 3280 902 3335; x_wconf 85' lang='lat' dir='ltr'>sunt</span> <span class='ocrx_word' id='word_1_223' title='bbox 916 3280 1025 3336; x_wconf 88' lang='lat' dir='ltr'>autem</span> <span class='ocrx_word' id='word_1_224' title='bbox 1047 3272 1181 3336; x_wconf 92' lang='lat' dir='ltr'>nomina</span> <span class='ocrx_word' id='word_1_225' title='bbox 1198 3272 1327 3338; x_wconf 90' lang='lat' dir='ltr'>illorum</span> <span class='ocrx_word' id='word_1_226' title='bbox 1345 3275 1404 3339; x_wconf 91' lang='lat' dir='ltr'>ho·</span> 
     </span>
     <span class='ocr_line' id='line_1_29' title="bbox 300 3374 1403 3460; baseline 0.002 -21"><span class='ocrx_word' id='word_1_227' title='bbox 300 3376 426 3439; x_wconf 92' lang='lat' dir='ltr'>minum</span> <span class='ocrx_word' id='word_1_228' title='bbox 454 3396 535 3460; x_wconf 84' lang='lat' dir='ltr'>quoe</span> <span class='ocrx_word' id='word_1_229' title='bbox 560 3396 600 3439; x_wconf 85' lang='lat' dir='ltr'>ex</span> <span class='ocrx_word' id='word_1_230' title='bbox 630 3374 693 3438; x_wconf 87' lang='lat' dir='ltr'>alia</span> <span class='ocrx_word' id='word_1_231' title='bbox 720 3382 814 3458; x_wconf 87' lang='lat' dir='ltr'>parte</span> <span class='ocrx_word' id='word_1_232' title='bbox 835 3374 1094 3453; x_wconf 84' lang='lat' dir='ltr'>conscribuntur,</span> <span class='ocrx_word' id='word_1_233' title='bbox 1118 3376 1174 3458; x_wconf 91' lang='lat' dir='ltr'>qui</span> <span class='ocrx_word' id='word_1_234' title='bbox 1201 3398 1276 3440; x_wconf 88' lang='lat' dir='ltr'>cum</span> <span class='ocrx_word' id='word_1_235' title='bbox 1300 3378 1403 3441; x_wconf 85' lang='lat' dir='ltr'>totius</span> 
     </span>
     <span class='ocr_line' id='line_1_30' title="bbox 300 3476 1450 3563; baseline 0.002 -21"><span class='ocrx_word' id='word_1_236' title='bbox 300 3478 462 3563; x_wconf 84' lang='lat' dir='ltr'>synodalis</span> <span class='ocrx_word' id='word_1_237' title='bbox 481 3478 673 3542; x_wconf 87' lang='lat' dir='ltr'>auctoritate</span> <span class='ocrx_word' id='word_1_238' title='bbox 692 3477 789 3561; x_wconf 89' lang='lat' dir='ltr'>hujus</span> <span class='ocrx_word' id='word_1_239' title='bbox 808 3476 1080 3541; x_wconf 86' lang='lat' dir='ltr'>reconciliationis</span> <span class='ocrx_word' id='word_1_240' title='bbox 1102 3485 1202 3541; x_wconf 86' lang='lat' dir='ltr'>testes</span> <span class='ocrx_word' id='word_1_241' title='bbox 1218 3477 1403 3561; x_wconf 80' lang='lat' dir='ltr'>adfiierunt,</span> <span class='ocrx_word' id='word_1_242' title='bbox 1442 3504 1450 3512; x_wconf 83' lang='lat'>·</span> 
     </span>
     <span class='ocr_line' id='line_1_31' title="bbox 299 3579 1317 3665; baseline 0.001 -20"><span class='ocrx_word' id='word_1_243' title='bbox 299 3592 332 3645; x_wconf 87' lang='lat' dir='ltr'>et</span> <span class='ocrx_word' id='word_1_244' title='bbox 347 3581 439 3664; x_wconf 81' lang='lat' dir='ltr'>signo</span> <span class='ocrx_word' id='word_1_245' title='bbox 453 3582 515 3645; x_wconf 66' lang='lat' dir='ltr'>adae</span> <span class='ocrx_word' id='word_1_246' title='bbox 532 3580 636 3645; x_wconf 89' lang='lat' dir='ltr'>crucis</span> <span class='ocrx_word' id='word_1_247' title='bbox 649 3580 716 3665; x_wconf 79' lang='lat' dir='ltr'>xpi</span> <span class='ocrx_word' id='word_1_248' title='bbox 730 3580 867 3664; x_wconf 89' lang='lat' dir='ltr'>propriis</span> <span class='ocrx_word' id='word_1_249' title='bbox 884 3579 1035 3643; x_wconf 84' lang='lat' dir='ltr'>manibus</span> <span class='ocrx_word' id='word_1_250' title='bbox 1049 3580 1317 3664; x_wconf 88' lang='lat' dir='ltr'>conscripsenmt.</span> 
     </span>
    </p>

    <p class='ocr_par' dir='ltr' id='par_1_5' title="bbox 297 3682 1401 3869">
     <span class='ocr_line' id='line_1_32' title="bbox 343 3682 1401 3770; baseline 0.001 -22"><span class='ocrx_word' id='word_1_251' title='bbox 343 3686 382 3766; x_wconf 72' lang='lat'>›1‹</span> <span class='ocrx_word' id='word_1_252' title='bbox 398 3684 470 3767; x_wconf 84' lang='lat' dir='ltr'>Ego</span> <span class='ocrx_word' id='word_1_253' title='bbox 499 3683 702 3768; x_wconf 64' lang='lat' dir='ltr'>(lucendi-pb</span> <span class='ocrx_word' id='word_1_254' title='bbox 731 3685 799 3746; x_wconf 81' lang='lat' dir='ltr'>abb.</span> <span class='ocrx_word' id='word_1_255' title='bbox 831 3683 915 3747; x_wconf 92' lang='lat' dir='ltr'>hanc</span> <span class='ocrx_word' id='word_1_256' title='bbox 940 3682 1236 3748; x_wconf 87' lang='lat' dir='ltr'>reconciliationem</span> <span class='ocrx_word' id='word_1_257' title='bbox 1261 3687 1401 3770; x_wconf 88' lang='lat' dir='ltr'>propriis</span> 
     </span>
     <span class='ocr_line' id='line_1_33' title="bbox 297 3784 1183 3869; baseline -0.001 -18"><span class='ocrx_word' id='word_1_258' title='bbox 297 3784 456 3866; x_wconf 88' lang='lat' dir='ltr'>manibus,</span> <span class='ocrx_word' id='word_1_259' title='bbox 472 3808 546 3852; x_wconf 90' lang='lat' dir='ltr'>cum</span> <span class='ocrx_word' id='word_1_260' title='bbox 561 3786 654 3869; x_wconf 82' lang='lat' dir='ltr'>signo</span> <span class='ocrx_word' id='word_1_261' title='bbox 669 3788 730 3850; x_wconf 70' lang='lat' dir='ltr'>sdoe</span> <span class='ocrx_word' id='word_1_262' title='bbox 744 3785 849 3850; x_wconf 83' lang='lat' dir='ltr'>crucis</span> <span class='ocrx_word' id='word_1_263' title='bbox 864 3785 939 3869; x_wconf 70' lang='lat' dir='ltr'>Xpi,</span> <span class='ocrx_word' id='word_1_264' title='bbox 955 3784 1060 3848; x_wconf 69' lang='lat' dir='ltr'>roboi.</span> <span class='ocrx_word' id='word_1_265' title='bbox 1076 3804 1095 3867; x_wconf 63' lang='grc' dir='ltr'><strong><em>Ἰ</em></strong></span> <span class='ocrx_word' id='word_1_266' title='bbox 1113 3788 1183 3850; x_wconf 84' lang='lat' dir='ltr'>sub.</span> 
     </span>
    </p>

    <p class='ocr_par' dir='ltr' id='par_1_6' title="bbox 296 3887 1400 4076">
     <span class='ocr_line' id='line_1_34' title="bbox 341 3887 1400 3975; baseline 0 -21"><span class='ocrx_word' id='word_1_267' title='bbox 341 3894 381 3972; x_wconf 73' lang='lat'>›1‹</span> <span class='ocrx_word' id='word_1_268' title='bbox 398 3889 469 3973; x_wconf 84' lang='lat' dir='ltr'>Ego</span> <span class='ocrx_word' id='word_1_269' title='bbox 492 3889 682 3954; x_wconf 81' lang='lat' dir='ltr'>Beornwulf</span> <span class='ocrx_word' id='word_1_270' title='bbox 700 3910 757 3952; x_wconf 86' lang='lat' dir='ltr'>rex</span> <span class='ocrx_word' id='word_1_271' title='bbox 781 3888 885 3952; x_wconf 64' lang='lat' dir='ltr'>Meri.</span> <span class='ocrx_word' id='word_1_272' title='bbox 905 3909 979 3951; x_wconf 93' lang='lat' dir='ltr'>cum</span> <span class='ocrx_word' id='word_1_273' title='bbox 1000 3887 1093 3970; x_wconf 84' lang='lat' dir='ltr'>signo</span> <span class='ocrx_word' id='word_1_274' title='bbox 1116 3891 1178 3952; x_wconf 68' lang='lat' dir='ltr'>adae</span> <span class='ocrx_word' id='word_1_275' title='bbox 1206 3890 1311 3954; x_wconf 86' lang='lat' dir='ltr'>crucia</span> <span class='ocrx_word' id='word_1_276' title='bbox 1334 3891 1400 3975; x_wconf 79' lang='lat' dir='ltr'>xpi</span> 
     </span>
     <span class='ocr_line' id='line_1_35' title="bbox 296 3993 858 4076; baseline -0.009 -18"><span class='ocrx_word' id='word_1_277' title='bbox 296 3993 525 4076; x_wconf 76' lang='lat' dir='ltr'>confirmabo]</span> <span class='ocrx_word' id='word_1_278' title='bbox 543 3994 612 4056; x_wconf 83' lang='lat' dir='ltr'>sub.</span> <span class='ocrx_word' id='word_1_279' title='bbox 855 4030 858 4037; x_wconf 94' lang='lat'>-</span> 
     </span>
    </p>

    <p class='ocr_par' dir='ltr' id='par_1_7' title="bbox 293 4093 1398 4282">
     <span class='ocr_line' id='line_1_36' title="bbox 338 4093 1398 4182; baseline -0.002 -21"><span class='ocrx_word' id='word_1_280' title='bbox 338 4098 377 4179; x_wconf 76' lang='lat'>›1‹</span> <span class='ocrx_word' id='word_1_281' title='bbox 394 4099 466 4182; x_wconf 83' lang='lat' dir='ltr'>Ego</span> <span class='ocrx_word' id='word_1_282' title='bbox 487 4095 664 4161; x_wconf 86' lang='lat' dir='ltr'>Uulfredus</span> <span class='ocrx_word' id='word_1_283' title='bbox 681 4095 786 4180; x_wconf 85' lang='lat' dir='ltr'>gratia</span> <span class='ocrx_word' id='word_1_284' title='bbox 805 4094 868 4159; x_wconf 93' lang='lat' dir='ltr'>Dei</span> <span class='ocrx_word' id='word_1_285' title='bbox 883 4093 1033 4176; x_wconf 73' lang='lat' dir='ltr'>arsepiss.</span> <span class='ocrx_word' id='word_1_286' title='bbox 1050 4093 1133 4158; x_wconf 89' lang='lat' dir='ltr'>hanc</span> <span class='ocrx_word' id='word_1_287' title='bbox 1155 4095 1265 4158; x_wconf 87' lang='lat' dir='ltr'>eadem</span> <span class='ocrx_word' id='word_1_288' title='bbox 1288 4116 1398 4161; x_wconf 88' lang='lat' dir='ltr'>recon-</span> 
     </span>
     <span class='ocr_line' id='line_1_37' title="bbox 293 4196 1164 4282; baseline -0.003 -19"><span class='ocrx_word' id='word_1_289' title='bbox 293 4200 490 4264; x_wconf 89' lang='lat' dir='ltr'>ciliationem</span> <span class='ocrx_word' id='word_1_290' title='bbox 504 4221 579 4264; x_wconf 89' lang='lat' dir='ltr'>cum</span> <span class='ocrx_word' id='word_1_291' title='bbox 594 4200 686 4282; x_wconf 87' lang='lat' dir='ltr'>signo</span> <span class='ocrx_word' id='word_1_292' title='bbox 700 4202 761 4262; x_wconf 70' lang='lat' dir='ltr'>abac</span> <span class='ocrx_word' id='word_1_293' title='bbox 776 4196 880 4261; x_wconf 90' lang='lat' dir='ltr'>crucis</span> <span class='ocrx_word' id='word_1_294' title='bbox 894 4196 960 4281; x_wconf 77' lang='lat' dir='ltr'>xpi</span> <span class='ocrx_word' id='word_1_295' title='bbox 975 4197 1041 4259; x_wconf 85' lang='lat' dir='ltr'>rob.</span> <span class='ocrx_word' id='word_1_296' title='bbox 1058 4215 1076 4277; x_wconf 85' lang='lat'>]</span> <span class='ocrx_word' id='word_1_297' title='bbox 1094 4197 1164 4261; x_wconf 85' lang='lat' dir='ltr'>sub.</span> 
     </span>
    </p>

    <p class='ocr_par' dir='ltr' id='par_1_8' title="bbox 340 4300 1003 4386">
     <span class='ocr_line' id='line_1_38' title="bbox 340 4300 1003 4386; baseline -0.009 -19"><span class='ocrx_word' id='word_1_298' title='bbox 340 4304 379 4384; x_wconf 65' lang='lat'>*1⁴</span> <span class='ocrx_word' id='word_1_299' title='bbox 395 4303 466 4386; x_wconf 80' lang='lat' dir='ltr'>Ego</span> <span class='ocrx_word' id='word_1_300' title='bbox 480 4301 667 4366; x_wconf 73' lang='lat' dir='ltr'>Aedelwald</span> <span class='ocrx_word' id='word_1_301' title='bbox 683 4301 779 4384; x_wconf 68' lang='lat' dir='ltr'>episc.</span> <span class='ocrx_word' id='word_1_302' title='bbox 796 4312 882 4364; x_wconf 78' lang='lat' dir='ltr'>cous.</span> <span class='ocrx_word' id='word_1_303' title='bbox 899 4319 918 4381; x_wconf 60' lang='grc' dir='ltr'>Ἰ</span> <span class='ocrx_word' id='word_1_304' title='bbox 935 4300 1003 4362; x_wconf 84' lang='lat' dir='ltr'>sub.</span> 
     </span>
    </p>

    <p class='ocr_par' dir='ltr' id='par_1_9' title="bbox 337 4404 944 4489">
     <span class='ocr_line' id='line_1_39' title="bbox 337 4404 944 4489; baseline -0.007 -20"><span class='ocrx_word' id='word_1_305' title='bbox 337 4407 377 4485; x_wconf 76' lang='lat'>›1‹</span> <span class='ocrx_word' id='word_1_306' title='bbox 392 4406 463 4488; x_wconf 83' lang='lat' dir='ltr'>Ego</span> <span class='ocrx_word' id='word_1_307' title='bbox 479 4406 619 4489; x_wconf 75' lang='lat' dir='ltr'>Reth</span> <span class='ocrx_word' id='word_1_308' title='bbox 636 4404 731 4489; x_wconf 67' lang='lat' dir='ltr'>episi.</span> <span class='ocrx_word' id='word_1_309' title='bbox 749 4415 857 4484; x_wconf 70' lang='lat' dir='ltr'>cons]</span> <span class='ocrx_word' id='word_1_310' title='bbox 875 4404 944 4466; x_wconf 82' lang='lat' dir='ltr'>sub.</span> 
     </span>
    </p>
   </div>
   <div class='ocr_carea' id='block_1_5' title="bbox 0 0 1622 5125">
    <p class='ocr_par' dir='ltr' id='par_1_10' title="bbox 0 0 1622 5125">
     <span class='ocr_line' id='line_1_40' title="bbox 0 0 1622 5125; baseline 0 8"><span class='ocrx_word' id='word_1_311' title='bbox 0 0 1622 5125; x_wconf 95' lang='lat' dir='ltr'> </span> 
     </span>
    </p>
   </div>
  </div>
 </body>
</html>
