3234 5125
469 407 788 464 MISOELLANEOUS
807 409 1021 464 CHARTERS.
1266 415 1300 468 97

193 595 301 638 coram
317 575 418 640 beatae
433 577 596 642 memoriae
613 577 769 642 Uulfredo
788 579 1038 663 archiepiscopo,
1054 601 1226 665 coramque
1244 583 1299 646 ah-

193 676 276 740 batis
307 679 478 744 Uernotho
507 689 604 764 atque
630 681 802 765 Feolgeldo
832 683 1019 765 caeterisque
1043 683 1237 750 fidelissimis
1266 697 1300 750 et

195 779 452 864 religiosissimis,
471 784 655 862 Ceolstano,
678 785 739 848 viz.
762 785 954 849 Athelhnno
976 793 1073 869 atque
1104 788 1300 868 Heremodo,

195 884 389 970 presbyteris
409 886 559 950 aecclesiae
581 887 712 966 Christi,
736 907 863 952 necnon
885 909 969 972 saepe
990 910 1100 953 coram
1120 890 1214 954 sociis
1233 892 1300 955 suis

194 995 228 1050 et
257 987 367 1051 amicis
393 987 565 1068 fidissimis,
592 990 730 1074 qualiter
751 997 825 1074 post
850 989 1077 1055 discessionem
1100 1014 1192 1056 suam
1215 994 1301 1059 circa

194 1083 413 1151 haereditatem
429 1109 521 1152 suam
535 1089 744 1173 imposterum
759 1109 854 1173 agere
869 1090 1027 1168 voluisse3
1050 1090 1159 1170 idest,
1174 1101 1212 1155 ut
1226 1100 1299 1175 post

194 1186 262 1251 dies
276 1190 385 1253 uxoris
403 1213 469 1256 suae
488 1198 521 1254 et
539 1192 596 1256 filii
615 1194 683 1276 ejus
698 1192 866 1256 Earduulfi
884 1193 959 1258 filiae
979 1215 1107 1278 quoque
1124 1216 1190 1259 suae
1209 1195 1298 1258 Ealf-

195 1289 347 1374 tbrythae,
372 1293 413 1356 ad
435 1295 584 1359 ecclesiis
607 1296 669 1360 Dei
690 1295 800 1359 omnia
821 1296 898 1359 dare
920 1297 992 1361 Deo
1016 1305 1049 1361 et
1081 1299 1201 1361 sanctis
1230 1300 1300 1382 ejus

195 1389 253 1454 sibi
276 1392 312 1456 in
329 1395 555 1478 sempiternam
571 1396 791 1462 haereditatem
809 1396 869 1460 sub
893 1418 1006 1461 eorum
1022 1397 1207 1462 testimonia
1223 1399 1300 1462 dare

193 1497 353 1580 pracepit,
370 1498 453 1562 sicut
473 1499 506 1562 in
528 1501 627 1564 altera
641 1500 770 1564 kartula
785 1500 955 1564 manifeste
972 1508 1006 1564 et
1026 1501 1132 1565 lucide
1154 1523 1299 1586 compro-

194 1596 299 1665 batur.
345 1601 537 1668 sedamen
553 1612 626 1688 post
646 1604 772 1668 obitum
794 1604 922 1669 Osuulfi
944 1603 1034 1668 ducis
1058 1605 1196 1668 surrexit
1213 1605 1298 1669 cxci-

193 1708 263 1766 tata
287 1725 307 1767 a
329 1705 530 1788 quibusdam·
543 1708 677 1790 quaestio
706 1716 739 1771 et
761 1707 927 1772 contentio
951 1728 1071 1790 magno
1091 1708 1176 1771 circa
1196 1708 1299 1773 haere·

194 1804 329 1872 ditatem
354 1810 480 1874 Osuulfi
510 1819 622 1874 contra
646 1832 779 1874 uxorem
805 1811 874 1894 ejus
904 1810 1177 1894 Beornthrythae3
1208 1812 1300 1895 cujus

193 1908 408 1976 altercationis
427 1913 612 1979 conflictum
632 1935 736 1997 neque
751 1937 770 1978 a
785 1913 916 1978 domino
931 1913 1169 1997 archiepiscopo
1184 1935 1244 1978 nec
1259 1915 1300 1978 ab

194 2012 353 2096 aliquibus
375 2017 519 2101 personis
541 2017 744 2082 inferioribus
765 2017 834 2080 ullo
856 2016 953 2080 modo
975 2015 1088 2080 sedare
1105 2017 1222 2099 potuit,
1243 2017 1299 2080 sed

194 2117 322 2202 utrique
336 2127 442 2203 partes
458 2121 498 2184 ad
509 2119 660 2206 synodale
671 2120 843 2184 concilium
854 2119 1000 2183 advocari
1016 2127 1049 2182 et
1063 2119 1193 2182 invitari
1204 2120 1298 2203 jube-

196 2217 332 2286 bantur:
356 2230 389 2286 et
410 2244 485 2288 cum
504 2224 544 2287 ad
566 2223 725 2309 synodum
743 2223 957 2301 devenissent,
977 2230 1019 2286 et.
1030 2221 1177 2305 diligenti
1196 2223 1299 2286 inves-

196 2323 350 2406 tigatione
375 2325 519 2390 veritatis
547 2326 709 2390 sententia
737 2335 950 2408 utrarumque
980 2326 1122 2408 partium
1146 2347 1165 2388 a
1188 2335 1301 2390 sancto

197 2426 329 2510 synodo,
341 2450 412 2512 quoe
433 2428 518 2493 facta
540 2436 589 2494 est
610 2430 646 2492 in
667 2429 737 2493 loco
761 2429 912 2512 praeclaro
931 2435 973 2492 aet
990 2428 1112 2506 AEclea,
1129 2429 1301 2511 quaerendo

194 2529 436 2611 examineretur,
449 2532 616 2599 inventum
627 2539 676 2598 est
692 2532 770 2597 nihil
782 2531 902 2616 justius
919 2552 977 2596 nec
992 2531 1111 2596 rectius
1125 2553 1194 2595 esse
1208 2554 1300 2616 posse

196 2642 342 2699 constare
357 2656 454 2719 quam
474 2637 519 2701 sic
542 2657 741 2720 perseverare
756 2635 978 2699 haereditatem
993 2634 1119 2698 Osuulli
1134 2634 1300 2719 sicutipse

196 2736 317 2800 Osunlf
334 2739 422 2821 prius
438 2739 567 2823 proprio
587 2739 720 2803 arbitrio
738 2759 794 2822 per
813 2737 923 2802 omnia
947 2737 1067 2800 donare
1089 2746 1196 2801 coram
1217 2760 1298 2822 pree-

195 2839 290 2903 dictis
303 2841 439 2905 testibus
454 2842 653 2920 decreverat3
680 2850 775 2925 atque
794 2841 843 2904 ita
863 2840 924 2904 hoc
945 2839 1042 2903 ctiam
1065 2840 1179 2903 abillo
1197 2844 1301 2905 sancti

199 2943 321 3027 synodo
340 2952 502 3029 perpetuae
521 2946 694 3030 perdurare
709 2944 930 3029 dejudicatum
944 2951 1003 3007 est.
1049 2944 1187 3027 Insuper
1201 2946 1300 3009 etiam

197 3053 308 3111 sancta
322 3048 377 3112 illa
399 3048 540 3133 synodus
562 3048 729 3113 decrevere
747 3047 872 3125 statuit,
894 3054 932 3110 ut
954 3046 1010 3109 illa
1031 3046 1197 3111 altercatio
1214 3070 1299 3112 nun·
1372 3054 1380 3067 '

197 3171 294 3233 quam
323 3151 460 3234 amplius
489 3172 547 3235 per
575 3151 717 3235 aliquam
740 3148 973 3233 inquietudinis
1002 3148 1204 3229 discordiam,
1227 3160 1300 3235 post

197 3252 288 3316 illum
300 3253 385 3317 diem
401 3262 434 3317 et
445 3254 594 3338 deinceps
610 3253 779 3319 excitando
794 3259 986 3330 moveretur,
996 3260 1029 3316 et
1044 3251 1105 3317 hoc
1119 3275 1194 3317 cum
1208 3255 1301 3338 signo

197 3365 316 3421 sanctae
341 3356 452 3421 crucia·
469 3355 590 3421 Christi
614 3356 800 3440 perenniter
829 3354 1001 3439 perdurare
1031 3355 1299 3439 conscripserunt.

195 3458 240 3521 Et
261 3458 288 3521 si
311 3459 382 3543 quis
405 3467 478 3543 post
497 3460 565 3523 haec
585 3459 720 3543 alicujus
739 3457 883 3542 personis
902 3456 1009 3534 homo,
1031 3455 1190 3520 diabolica
1207 3458 1300 3523 insti·

195 3571 290 3644 gatus
314 3563 503 3641 temeritate,
519 3562 736 3640 insurrexerit,
752 3561 807 3645 qui
826 3561 887 3624 hoc
906 3558 1065 3622 kanonice
1082 3568 1115 3622 et
1135 3561 1302 3645 synodalia

196 3666 325 3730 decreta
352 3665 527 3750 infringere
555 3665 769 3749 temptaverit,
801 3686 820 3726 a
848 3662 1000 3727 societate
1025 3670 1209 3727 sanctorum
1233 3687 1301 3729 om-

195 3770 286 3831 nium
301 3776 334 3832 et
349 3791 368 3833 a
382 3778 469 3833 coetu
480 3768 734 3851 congregationis
749 3777 782 3831 et
797 3764 1032 3831 communionis
1046 3766 1191 3849 ipsorum
1206 3768 1302 3832 sciret

197 3892 231 3934 se
250 3892 318 3936 esse
336 3872 521 3951 alienatum,
538 3871 684 3957 synodali
696 3871 820 3955 judicio
840 3876 1033 3933 statuerunt.
1080 3869 1144 3933 Sed
1162 3870 1226 3933 heu
1243 3893 1302 3955 pro

197 3973 296 4052 dolor,
311 3974 366 4037 ille
387 3974 538 4057 antiquus
557 3974 822 4039 venenatissimus
839 3993 980 4055 serpens,
999 3971 1053 4054 qui
1075 3973 1302 4054 protoplaustu

196 4077 322 4159 piacula
334 4078 463 4157 indidit,
479 4086 512 4142 et
526 4078 706 4141 humanum
725 4098 827 4161 genus
841 4075 903 4138 sibi
917 4096 975 4158 per
988 4074 1057 4138 haec
1072 4073 1225 4152 subdidit,
1242 4096 1302 4141 ceu

197 4180 335 4265 caelydra
348 4181 465 4245 infesta
480 4189 513 4246 et
528 4180 687 4266 pestifera,
703 4181 738 4243 in
754 4178 955 4263 quorundam
970 4184 1098 4261 pectore
1114 4175 1219 4239 adhuc
1233 4186 1302 4241 tur·

198 4285 308 4365 gescit,
318 4293 352 4350 et
367 4285 407 4349 ad
423 4286 606 4349 excitandas
621 4285 793 4349 seditiones
805 4282 1041 4363 discordiasque
1056 4278 1303 4345 committendas

197 4396 269 4470 post
291 4388 449 4454 curricula
471 4398 665 4471 quantorum
689 4409 856 4464 annorum,
880 4386 913 4448 id
937 4393 995 4461 est,
1020 4403 1163 4461 xxxrm,
1184 4379 1303 4450 iterum

1104 4508 1126 4549 u
