3234 5125
312 392 329 443 2
582 389 903 447 MISOELLANEOUS
922 384 1136 445 emanas.

311 568 429 633 tissimi
459 568 683 651 archipresulis
708 568 897 651 Augustini,
923 588 963 631 ex
992 587 1053 632 suo
1081 573 1194 631 sancto
1224 572 1411 631 sanctornm

311 670 447 754 collegio
458 670 672 735 venerabilem
682 670 788 733 virum
797 690 907 733 secum
916 668 956 732 ab
971 667 1229 753 apostolicasede
1240 668 1410 746 directum,

311 774 446 838 Petrum
467 772 662 837 monachum
682 772 774 855 elegi,
796 770 916 855 eisque,
937 779 976 835 ut
998 770 1231 835 ecclesiasticus
1253 770 1332 835 ordo
1354 792 1410 836 ex·

311 876 426 959 poscit,
453 876 601 940 abbatem
627 876 788 960 preposui.
839 875 935 939 Hanc
957 874 1058 958 igitur
1079 873 1248 938 ecclesiam
1270 874 1312 937 ad
1334 894 1409 957 pro·

310 985 438 1042 vectum
468 977 569 1042 debiti
598 977 747 1041 culminis
776 996 964 1060 promovere
992 974 1188 1053 desideram,
1214 996 1410 1059 suarumque

310 1080 547 1164 possessionum
572 1079 728 1143 terminos
757 1078 893 1142 dilatare
915 1077 1068 1161 gestiens,
1094 1098 1174 1142 sana
1194 1084 1304 1142 mente
1324 1077 1408 1141 inte·

310 1204 431 1267 groque
448 1181 592 1261 consilio,
608 1203 682 1246 cum
698 1180 849 1245 AEdbaldi
866 1180 926 1244 filii
948 1181 1013 1244 mei
1033 1180 1232 1265 aliorumque
1249 1180 1408 1245 nobilium

309 1285 503 1350 obtimatum
520 1305 667 1349 meorum
682 1305 853 1362 consensu,
868 1282 910 1347 ob
924 1282 1178 1368 redemptionem
1196 1282 1304 1347 anime
1324 1304 1407 1361 mee,

308 1395 342 1451 et
362 1409 453 1471 spem
471 1386 693 1452 retributionis
713 1393 834 1463 eterne,
854 1386 958 1470 optuli
980 1384 1011 1450 ei
1028 1386 1127 1451 etiam
1146 1386 1257 1449 villam
1276 1387 1408 1450 nomine

310 1489 472 1575 Sturigao,
494 1490 557 1553 alio
579 1490 711 1553 nomine
733 1488 854 1553 dictam
876 1488 1022 1567 Cistelet,
1039 1509 1113 1552 cum
1131 1487 1282 1552 omnibus
1301 1487 1407 1552 reddi-

307 1592 395 1656 tibus
416 1592 446 1656 ei
462 1592 536 1675 jure
556 1591 824 1675 competentibus,
842 1612 918 1655 cnm
934 1590 1115 1674 mancipiis,
1129 1590 1229 1667 silvis,
1244 1591 1340 1655 cultis
1355 1590 1407 1655 vel

307 1695 451 1772 incultis,
473 1694 584 1779 pratis,
607 1695 744 1779 pascuis,
766 1693 948 1778 paludibus,
970 1692 1169 1769 fluminibus,
1190 1700 1223 1757 et
1245 1692 1406 1775 contiguis

308 1796 338 1862 ei
360 1797 530 1861 maritimis
552 1797 699 1861 terminis
717 1818 787 1861 eam
806 1817 845 1860 ex
865 1817 932 1859 una
952 1803 1044 1878 parte
1066 1794 1282 1878 cingentibus,
1296 1794 1408 1859 omnia

307 1898 441 1963 mobilia
457 1898 509 1963 vel
530 1898 709 1963 immobilia
729 1898 764 1961 in
785 1920 864 1962 usus
881 1898 1020 1961 fratrum
1039 1896 1101 1960 sub
1117 1898 1259 1981 regulari
1274 1896 1406 1961 &amite

307 2010 341 2067 et
366 2002 546 2067 monastica
569 2002 725 2084 religione
750 2000 831 2065 inibi
855 2000 927 2065 Deo
955 2000 1188 2065 serviencium:
1217 1999 1406 2064 missmium

307 2104 406 2169 etiam
421 2112 620 2187 argenteum,
637 2110 771 2188 scapton
786 2124 931 2180 aureum,
946 2102 1066 2166 iterum
1086 2102 1198 2166 sellam
1213 2124 1288 2167 cum
1302 2102 1405 2181 freno,

307 2226 386 2269 auro
410 2213 442 2270 et
468 2206 602 2288 gemmis
624 2214 781 2285 ornatam,
802 2207 968 2289 speculum
993 2213 1193 2289 argenteum,
1214 2204 1407 2268 armilcaisia

306 2308 471 2387 oloserica,
497 2308 661 2373 camisiam
679 2316 839 2387 ornatam,
862 2308 948 2391 quod
969 2308 1051 2371 mihi
1069 2307 1201 2373 xenium
1223 2307 1264 2371 de
1285 2307 1405 2371 domno

305 2431 389 2493 papa
411 2411 569 2494 Gregorio
590 2411 673 2475 sedis
696 2411 871 2495 apostolice
893 2410 1053 2476 directum
1073 2400 1191 2489 fuerat,
1212 2432 1274 2493 qne
1296 2409 1406 2474 omnia

306 2511 487 2595 supradicte
508 2511 639 2578 ecclesie
660 2520 827 2596 gratanter
840 2511 954 2576 obtuli.
1001 2512 1110 2578 Quam
1124 2512 1223 2577 etiam
1237 2511 1403 2578 ecclesiam

304 2615 373 2697 ipse
388 2637 497 2680 serviis
513 2615 576 2680 Dei
590 2615 794 2698 Augustinus
813 2622 999 2678 sanctorum
1018 2615 1238 2697 apostolorum
1260 2636 1298 2679 ac
1317 2635 1402 2678 mar·

303 2715 404 2779 tirum
422 2716 566 2800 reliquiis
582 2716 739 2798 variisque
754 2715 979 2781 ecclesiasticis
993 2715 1191 2779 ornamentis
1214 2714 1255 2778 ab
1274 2722 1402 2798 aposto-

303 2819 366 2882 lica
394 2819 469 2884 sede
495 2819 556 2883 sibi
578 2819 775 2882 transmissis
799 2818 928 2901 copiose
951 2817 1076 2895 ditavit,
1099 2838 1232 2900 seseque
1253 2816 1289 2880 in
1310 2839 1349 2881 ea
1369 2826 1404 2882 et

302 2929 436 2986 cunctos
448 2942 646 2985 successores
657 2942 731 2984 suos
744 2941 783 2984 ex
796 2921 990 2985 auctoritate
1005 2919 1182 3003 apostolica
1192 2919 1320 3003 sepeliri
1330 2941 1403 3002 pre-

303 3023 398 3105 cepit,
414 3023 574 3105 scriptura
588 3022 715 3086 dicente
730 3023 842 3086 “Non
856 3042 926 3086 esse
940 3021 1104 3086 civitatem
1122 3029 1327 3086 mortuorum
1347 3022 1404 3086 sed

302 3123 484 3188 vivorum.’'
528 3123 582 3188 Ibi
596 3123 696 3188 etiam
709 3124 791 3187 mihi
805 3131 839 3188 et
853 3121 1089 3189 successoribus
1103 3123 1185 3188 meis
1203 3124 1403 3206 sepulturam

302 3226 437 3311 providi,
452 3247 583 3309 sperans
598 3248 651 3291 mc
662 3227 854 3311 quandoque
865 3227 987 3310 abipso
1000 3227 1168 3310 apostolici
1181 3226 1302 3290 ordinis
1314 3227 1402 3309 prin·

303 3331 372 3413 cipe
387 3328 441 3394 cui
455 3328 615 3394 Dominus
631 3336 824 3413 potestatem
841 3330 965 3413 ligandi
985 3336 1082 3414 atque
1097 3329 1242 3394 solvendi
1255 3329 1354 3409 dedit,
1369 3338 1403 3394 et

301 3431 405 3497 claves
426 3432 518 3515 regni
536 3431 678 3497 celorum
697 3433 841 3513 tradidit,
858 3439 1097 3517 apeccatorum
1111 3432 1247 3497 nexibus
1261 3432 1353 3512 solvi,
1369 3440 1403 3497 et

301 3541 411 3599 eterne
426 3533 635 3599 beatitudinis
647 3535 782 3619 januam
796 3534 970 3598 introduci.

345 3636 443 3701 Quod
471 3637 703 3701 monasterium
736 3644 793 3700 ant
826 3636 994 3700 ecclesiam
1025 3637 1135 3700 nullus
1167 3637 1400 3721 episcoporum,

300 3739 410 3802 nullus
428 3759 648 3803 successorum
669 3760 817 3803 meorum
833 3760 948 3822 regum
967 3739 1003 3802 in
1023 3739 1130 3821 aliquo
1150 3740 1257 3804 ledere
1275 3748 1331 3803 aut
1350 3741 1400 3803 in-

298 3841 443 3925 quietare
464 3849 639 3925 presumat,
665 3841 790 3905 nullam
811 3840 944 3905 omnino
968 3840 1203 3925 subjectionem
1221 3842 1258 3905 in
1279 3863 1318 3906 ea
1338 3841 1401 3906 sibi

297 3964 452 4026 usurpare
476 3943 610 4020 audeat,
634 3943 691 4008 sed
717 3942 816 4006 abbas
842 3943 910 4025 ipse
940 3942 996 4026 qui
1024 3942 1070 4006 ibi
1099 3943 1198 4006 fuerit
1222 3944 1400 4022 ordinatus,

297 4045 386 4108 intus
402 4053 436 4109 et
450 4045 538 4122 foris,
555 4066 630 4109 cum
646 4045 781 4109 consilio
797 4043 946 4123 fratrum,
962 4045 1140 4108 secundum
1157 4045 1308 4109 timorem
1325 4045 1400 4125 Dei,

297 4147 397 4212 libere
419 4169 491 4212 eam
512 4154 605 4230 regat
627 4154 661 4211 et
684 4147 823 4227 ordinet,
845 4147 893 4210 ita
913 4153 952 4210 nt
977 4145 1013 4208 in
1038 4146 1091 4211 die
1116 4147 1251 4211 Domini
1273 4147 1400 4211 dulcem

296 4248 386 4312 illam
408 4249 544 4332 piissimi
571 4249 797 4332 Redemptoris
822 4249 927 4313 nostri
952 4269 1064 4313 vocem
1089 4256 1252 4313 mereatur
1278 4251 1399 4329 audire,

295 4351 442 4416 dicentis.
488 4353 612 4434 “Euge
624 4372 714 4416 serve
725 4349 809 4416 bone
825 4358 858 4416 et
869 4351 984 4430 fidelis,
997 4352 1074 4434 quia
1088 4373 1185 4435 super
1193 4373 1297 4436 pauca
1307 4353 1400 4418 furati
