3234 5125
476 449 798 507 ussscnuulnnous
817 448 1030 505 cuduinus.
1253 448 1306 503 229

199 622 370 706 Kiugilsus
390 644 457 701 rex,
479 630 513 700 et
536 622 622 686 filius
645 622 715 707 ejus
738 622 946 687 Kinevvaldus
966 642 1031 701 rex,
1046 619 1103 704 qui
1124 620 1159 683 in
1177 618 1306 683 exordio

197 724 274 788 fidei
284 724 488 803 Ohdstianoe,
502 723 705 789 sanctissimo
716 724 837 789 Berino
848 725 996 809 episcopo
1005 723 1138 787 verbum
1150 722 1212 787 Dei
1226 742 1306 805 prae-
1376 738 1378 749 ’

198 828 336 907 dicante,
349 834 576 892 concesserunt
586 826 731 911 ejusdem
741 826 826 911 juria
839 826 1072 911 possessionem
1086 826 1127 889 ad
1137 824 1305 909 praefatum

198 930 304 995 sancti
326 930 389 994 loci
415 928 659 994 monasterium.
716 929 843 993 Deinde
861 928 1024 1012 Egbertus
1047 949 1115 1007 rex,
1133 926 1306 1011 Abrdphus

197 1053 266 1111 rex,
277 1032 441 1096 AEliredus
454 1052 522 1109 rex,
532 1030 701 1115 Eadgarus
714 1016 788 1095 rex:
804 1030 941 1114 ideoque
955 1030 1116 1115 praecipio,
1126 1029 1161 1092 in
1176 1028 1306 1092 nomine

199 1134 333 1199 Domini
355 1134 460 1199 nostri
484 1134 587 1197 Jhesu
611 1133 745 1213 Christi,
768 1140 807 1196 ut
836 1133 944 1197 nullus
972 1132 1139 1217 episcopus
1162 1130 1306 1215 ejusdem

198 1237 262 1302 loci
290 1236 381 1299 illam
409 1244 531 1300 terram
560 1236 601 1300 de
626 1236 697 1319 ipso
721 1235 917 1299 monasterio
946 1235 1074 1298 trahere
1097 1234 1223 1312 audeat,
1246 1254 1306 1297 nec

198 1339 295 1403 alicui
319 1338 512 1403 secularium
531 1359 590 1422 pro
616 1358 750 1401 munere
773 1337 919 1420 quolibet
940 1358 1011 1401 eam
1032 1337 1107 1400 dare
1121 1342 1305 1421 praesumat.

202 1442 276 1505 Hoc
291 1461 418 1524 quoque
437 1439 570 1524 provida
588 1438 843 1504 consideratione
866 1426 1079 1523 superaddidi,
1097 1446 1130 1503 et
1145 1436 1303 1515 mandavi,

200 1550 238 1607 ut
261 1544 370 1606 nullus
394 1542 536 1606 filiorum
559 1542 610 1606 vel
635 1548 791 1625 nepotum
818 1562 974 1620 meorum,
997 1561 1059 1605 nec
1088 1540 1203 1623 aliquis
1233 1559 1304 1603 suc-

199 1666 363 1708 cessorum
381 1665 528 1708 meomm
542 1643 583 1708 ad
597 1644 789 1728 praedictum
808 1644 894 1709 sedis
909 1643 1096 1727 episcopalia
1111 1642 1304 1720 coenobium,

200 1747 334 1811 clericos
355 1768 500 1830 unquam
528 1746 732 1825 introducat3
763 1746 820 1810 sed
849 1747 959 1811 electis
989 1746 1111 1811 eisdem
1140 1745 1305 1809 monachis

202 1848 333 1913 Christo
354 1848 477 1912 ibidem
500 1848 573 1912 Deo
595 1847 808 1912 servientibus
832 1848 1013 1933 deputetur,
1035 1848 1120 1911 sicut
1145 1869 1204 1930 ego
1227 1847 1305 1931 ipse,

201 1957 408 2033 eo-operante
430 1950 662 2035 omnipotentis
682 1951 746 2015 Dei
769 1951 899 2029 auxilio,
922 1950 1086 2029 constitui,
1102 1950 1230 2034 quando
1253 1971 1306 2013 su-

201 2052 316 2137 perbos
339 2052 481 2131 clericos,
498 2053 554 2135 qui
569 2052 640 2117 Deo
659 2052 778 2117 servire
797 2060 1071 2136 contempserunt,
1086 2073 1146 2137 pro
1159 2051 1307 2115 nefandis

199 2155 266 2218 suis
290 2154 417 2219 actibus
443 2162 476 2218 et
499 2154 698 2218 detestandis
726 2154 865 2219 servitiis
887 2155 963 2218 inde
987 2155 1169 2219 eliminatos
1191 2154 1305 2238 expuli,

200 2257 310 2340 ibique
324 2278 448 2320 sacram
462 2256 698 2321 coenobitarum
709 2256 1003 2340 congregationem,
1014 2258 1071 2341 qui
1084 2257 1119 2319 in
1129 2256 1259 2342 hymnis
1274 2263 1307 2320 et

201 2360 351 2424 laudibus
366 2360 508 2424 Domino
527 2359 708 2424 voluntarie
730 2361 898 2440 servirent,
914 2362 1114 2445 congregavi.
1160 2362 1305 2428 Quicun-

202 2485 265 2547 que
285 2464 369 2527 hanc
389 2462 573 2527 libertatem
593 2462 754 2527 custodire
776 2463 923 2542 voluerit,
942 2464 1103 2527 custodiat
1122 2484 1196 2528 eum
1217 2464 1307 2527 Deus

201 2575 235 2630 et
255 2567 309 2631 hic
332 2566 422 2630 etin
450 2587 566 2631 oevum.
621 2567 660 2633 Si
683 2565 754 2649 quia
777 2573 898 2644 autem,
923 2566 1080 2630 diabolica
1103 2567 1308 2649 suggestione

201 2669 362 2753 deceptus,
384 2669 468 2733 hanc
489 2669 674 2733 libertatem
697 2667 844 2732 minuere
865 2668 915 2731 vel
938 2667 1112 2750 infringere
1131 2689 1307 2751 praesump-

200 2773 289 2852 serit,
305 2773 437 2837 veniant
451 2792 636 2855 supereum
654 2771 802 2834 omnium
817 2769 1080 2834 maledictionum
1100 2789 1218 2852 genera
1234 2791 1307 2852 quae

201 2874 319 2958 scripta
343 2875 469 2942 suntin
482 2874 579 2938 Novo
593 2873 676 2937 etin
690 2873 803 2936 Veteri
818 2873 1045 2950 Testamento3
1069 2872 1174 2955 sitque
1188 2872 1306 2937 coelum

203 2978 344 3042 ferreum
357 2999 454 3062 super
467 2984 564 3060 caput
585 2977 666 3060 ejus,
683 2984 716 3040 et
730 2976 827 3039 tellus
850 2975 972 3039 ahenea
990 2974 1051 3039 sub
1069 2975 1204 3058 pedihus
1218 2975 1287 3058 ejus
1296 3000 1306 3052 3

201 3088 236 3144 et
259 3081 301 3143 sit
324 3080 391 3164 ipse
416 3087 537 3144 aeterno
560 3078 765 3142 anathemate
788 3086 952 3162 separatus
975 3078 1080 3142 aDeo
1103 3085 1136 3140 et
1155 3077 1305 3141 omuibus

203 3183 323 3246 sanctis
337 3183 417 3265 ejus,
433 3189 467 3246 et
481 3181 655 3264 apostolica
669 3181 838 3252 beatorum
853 3180 942 3244 Petri
957 3187 990 3244 et
1004 3181 1098 3244 Pauli
1112 3177 1308 3244 authoritate

203 3283 322 3367 ligatus
337 3283 380 3347 sit
395 3283 550 3366 quamdiu
563 3283 688 3362 vixerit,
703 3289 737 3346 et
749 3291 823 3366 post
837 3282 1044 3346 maledictum
1059 3282 1185 3347 obitum
1201 3304 1306 3362 suum,

203 3385 434 3469 gehennalibus
458 3385 607 3463 flammu,
628 3405 703 3448 cum
725 3384 853 3449 diabolo
873 3392 906 3448 et
921 3384 1042 3467 angelis
1064 3384 1140 3463 suis,
1157 3384 1225 3447 siue
1243 3386 1307 3448 fine

203 3489 375 3552 damnatus
389 3495 423 3552 et
438 3487 599 3552 cruciatus
619 3486 767 3565 intereat,
783 3487 846 3550 nisi
868 3485 957 3570 prius
979 3487 1205 3565 emendaverit,
1221 3487 1308 3571 quod

204 3591 311 3653 Deum
328 3590 583 3672 omnipotentem
598 3596 631 3653 et
645 3596 773 3653 sanctos
791 3587 952 3672 apostolos
970 3589 1040 3674 ejus
1059 3610 1118 3672 pro
1137 3589 1220 3652 nihil
1235 3610 1306 3672 spe-

204 3713 276 3756 rare
290 3713 357 3757 non
371 3691 492 3756 timuit.

272 4061 411 4118 BISHOP
428 4061 693 4118 fflHanoLD.
730 4062 1239 4120 ucocc.uxr11.-D0000.Lxxv.

148 4187 154 4194 ¹
248 4208 288 4289 'l‘
305 4208 376 4272 Her
404 4209 560 4273 swutelait
589 4229 633 4272 on
661 4211 733 4294 bys-
820 4210 860 4291 ›1‹
878 4209 967 4273 Here
1002 4209 1032 4272 is
1064 4206 1158 4270 made
1189 4207 1306 4270 known

205 4299 276 4374 suni
313 4310 443 4394 gewrite
482 4316 536 4399 pet
572 4310 735 4398 Apelwold
775 4313 811 4375 in
833 4313 898 4376 this
924 4311 1063 4393 vvriting,
1094 4309 1165 4374 that
1194 4308 1308 4391 bishop
1444 4378 1449 4388 ¹

201 4408 329 4497 bisceop
365 4433 387 4495 Ἰ
425 4413 591 4477 Wulfstan
628 4414 736 4478 Ucoea
776 4413 970 4478 AEthclwold
1028 4411 1090 4474 and
1141 4410 1308 4475 Wulfstan
