3234 5125
312 401 364 454 424
588 397 910 456 MISOELLANEOUS
928 397 1143 454 canemus.

312 570 387 634 wite
400 579 435 635 et
448 569 603 648 ferdwite,
619 570 781 635 foresteall
802 577 836 634 et
856 569 1046 649 bsmsokne,
1063 569 1248 653 gridbricbe
1262 576 1296 632 et
1309 567 1415 650 scbip·

313 671 433 752 bricbe,
449 682 483 737 et
504 694 538 737 se
555 694 695 758 upwerp,
717 671 753 736 in
772 671 923 736 omnibns
941 671 1039 736 rebus
1060 671 1145 755 apud
1163 673 1365 736 Brnmcestre
1383 678 1418 733 et

316 775 401 858 spud
425 774 613 858 Ringstede,
634 774 683 838 its
707 774 788 838 bene
810 782 844 838 et
865 774 966 838 libere
988 775 1073 838 sicut
1096 774 1166 858 ipse
1186 794 1226 837 es
1246 771 1362 836 melius
1382 779 1418 835 et

314 876 446 940 liberius
460 877 563 942 hsbeo
581 877 617 940 in
635 877 746 942 littore
766 875 894 940 marino
912 875 1031 941 nimbi
1047 876 1085 940 in
1099 875 1229 959 buglis,
1242 894 1419 958 omnesque

315 979 524 1044 rectitudines
546 986 581 1042 et
596 979 672 1063 juro
693 999 755 1062 que
774 978 822 1043 ibi
841 999 904 1062 ego
924 978 992 1062 ipse
1013 999 1158 1061 unquam
1178 977 1289 1042 bsbni.
1332 976 1419 1040 Volo

315 1082 413 1146 etism
441 1090 481 1146 nt
509 1102 584 1146 socc
611 1102 673 1166 que
702 1090 752 1146 est
781 1081 867 1145 infre
894 1080 1105 1146 Bichsmdicb
1134 1081 1169 1144 in
1197 1079 1348 1144 omnibns
1376 1079 1418 1142 sd

318 1187 473 1250 Sanctum
499 1185 713 1250 Benedictum
740 1183 982 1249 Rmeiemem
1009 1183 1171 1268 pertineat
1194 1184 1243 1247 its
1266 1183 1362 1267 plene
1382 1191 1419 1246 et

316 1289 455 1372 perfecte
481 1287 566 1352 sicut
588 1309 660 1352 enm
680 1287 749 1372 ipse
769 1286 867 1352 bsbui
877 1313 887 1365 3
917 1294 952 1350 et
973 1307 1086 1352 omnes
1106 1285 1317 1351 rectitudines
1338 1306 1419 1370 qnss

317 1411 372 1455 rex
394 1389 440 1454 ibi
464 1397 570 1474 potest
592 1389 720 1454 hebere.
765 1390 852 1454 Volo
871 1397 1017 1473 pretereo
1039 1398 1078 1454 ut
1101 1390 1222 1454 Sancto
1245 1389 1363 1468 Muris,
1383 1397 1418 1453 et

318 1495 458 1558 Sanctus
483 1492 688 1571 Benedictus,
711 1500 745 1556 et
771 1493 870 1556 sbbss
895 1500 929 1556 et
953 1492 1069 1556 batres
1092 1491 1250 1556 Rcmesise
1277 1489 1418 1555 habeant

317 1617 424 1660 socam
443 1597 477 1660 in
495 1595 646 1660 omnibus
666 1617 760 1679 super
782 1616 895 1659 omnes
912 1595 1061 1660 homines
1079 1595 1136 1678 qui
1158 1604 1236 1658 sunt
1256 1594 1417 1672 motvrti,

316 1697 477 1775 ferdwrdi,
503 1706 536 1762 et
564 1697 712 1761 ialdwrdi
734 1698 768 1760 in
795 1697 853 1761 ilio
877 1697 1046 1762 hundredo
1074 1706 1107 1762 et
1135 1697 1280 1774 dimidio,
1309 1696 1416 1780 cnjus·

317 1822 444 1884 cunque
458 1799 605 1864 homines
619 1800 695 1864 sint.
741 1793 892 1865 Concede
906 1800 952 1864 eis
966 1801 1065 1865 etiem
1080 1808 1259 1865 mercatum
1269 1799 1310 1864 de
1324 1799 1416 1862 Dun-

316 1902 403 1980 hsm,
422 1923 479 1984 per
497 1923 614 1984 equam
633 1911 666 1965 et
684 1909 815 1981 terram,
833 1924 908 1966 cum
925 1902 1113 1967 inductione
1132 1910 1166 1966 et
1186 1901 1366 1980 eductione,
1383 1909 1417 1966 et

317 2025 391 2068 cum
410 2003 559 2067 omnibus
581 2003 830 2068 rectitudinibus
847 2025 910 2088 que
929 2004 971 2068 ad
989 2004 1070 2068 illud
1086 2005 1260 2088 pertinent,
1275 2005 1323 2068 its
1336 2004 1417 2068 bene

317 2117 350 2171 et
367 2107 467 2170 libere
485 2106 568 2168 sicut
587 2105 668 2168 illud
687 2106 755 2188 ipse
772 2127 916 2189 unquam
937 2107 1052 2170 melius
1069 2106 1168 2170 habui
1177 2133 1187 2184 ;
1210 2116 1244 2170 et
1258 2107 1334 2170 nolo
1350 2105 1416 2189 peti

318 2220 355 2271 ut
375 2208 491 2291 uliquis
508 2207 570 2272 hoc
589 2207 623 2270 in
643 2207 750 2290 aliquo
769 2208 953 2272 imminuet.
999 2210 1041 2272 In
1063 2209 1152 2272 omni
1170 2228 1299 2291 quoque
1317 2208 1414 2272 comi·

317 2319 388 2375 totu
403 2309 459 2374 nbi
475 2311 613 2374 Sanctus
629 2309 823 2374 Benedictus
836 2311 933 2375 bsbet
946 2319 1077 2388 terrem,
1093 2312 1233 2375 concedo
1249 2311 1297 2374 eis
1311 2332 1415 2374 sacam

317 2422 351 2477 et
373 2434 480 2477 socam
503 2435 604 2490 susm,
627 2411 674 2476 tol
693 2419 727 2476 et
745 2421 843 2490 team,
859 2423 893 2476 et
911 2413 1151 2494 infnngencbei,
1171 2413 1256 2476 infra
1278 2411 1414 2496 burgum

316 2517 366 2581 vel
388 2516 550 2581 civitatem
569 2524 601 2580 ct
624 2523 723 2594 extre,
739 2514 859 2598 ubique
880 2515 915 2579 in
937 2523 1024 2579 terra
1042 2523 1076 2579 et
1097 2537 1191 2599 equs,
1208 2517 1245 2579 in
1266 2515 1362 2581 bosco
1383 2524 1415 2579 et

315 2620 421 2703 pleno,
452 2620 670 2703 cujuscunque
692 2618 790 2681 fuerit
815 2639 898 2696 soca,
921 2618 1040 2682 babeat
1061 2620 1200 2683 Sanctus
1223 2618 1416 2683 Benedictus

315 2712 496 2789 libertatem
510 2742 601 2785 suem
619 2722 653 2783 in
672 2720 831 2799 omnibus,
847 2722 893 2784 its
907 2721 989 2785 bene
1006 2730 1040 2785 ct
1056 2721 1151 2805 plene
1170 2722 1253 2786 sicut
1272 2744 1333 2805 ego
1349 2724 1415 2805 ipse

315 2826 432 2890 alicubi
451 2824 555 2890 babeo
569 2824 604 2887 in
618 2830 688 2887 tots
702 2823 841 2908 buglis,
864 2822 1005 2887 habeant
1025 2832 1058 2887 et
1075 2844 1187 2887 omnes
1200 2824 1417 2888 forisfacturas

316 2948 378 3011 que
393 2928 557 3011 pertinent
572 2925 614 2989 ad
629 2926 749 3008 regiam
765 2946 916 2989 coronam
931 2947 1038 2989 meam
1056 2926 1091 2989 in
1107 2926 1219 2990 Netsli
1233 2927 1415 3005 Dominico,

315 3032 350 3095 in
373 3030 504 3107 Pascha,
527 3039 559 3095 et
583 3029 617 3093 in
638 3035 750 3091 sancta
775 3027 954 3091 ebdomsds
974 3029 1190 3111 rogationum,
1210 3030 1245 3092 in
1267 3030 1415 3094 omnibns

314 3131 410 3197 rebus
435 3133 520 3195 sicut
549 3131 617 3213 ipse
640 3128 753 3206 babeo,
780 3138 813 3193 et
839 3150 896 3212 per
920 3138 1023 3193 totam
1045 3130 1210 3214 Anglism,
1231 3131 1318 3195 infre
1338 3133 1414 3196 civi·

314 3242 416 3299 tatem
431 3240 464 3296 et
479 3241 578 3311 extra,
591 3232 626 3293 in
641 3230 730 3295 omni
739 3231 810 3294 foro
822 3240 855 3295 et
866 3232 983 3295 annuis
993 3232 1159 3311 nundinis,
1171 3244 1204 3297 et
1217 3234 1252 3296 in
1267 3235 1416 3299 omnibus

315 3335 448 3399 omnino
462 3335 550 3412 locis,
567 3355 623 3417 per
638 3355 754 3417 squam
770 3344 803 3401 et
818 3343 950 3413 terrem,
966 3334 1007 3399 sb
1022 3336 1111 3399 omni
1126 3336 1239 3400 telonii
1253 3338 1416 3403 exactione

314 3437 408 3501 liberi
432 3437 507 3501 sint.
559 3436 719 3505 Prohibeo
745 3437 857 3519 itaque
881 3437 942 3501 Dei
971 3438 1188 3523 prohibitione
1216 3450 1250 3504 et
1278 3461 1351 3505 mes
1374 3462 1417 3505 ne

314 3540 429 3623 aliquis
442 3539 527 3604 hanc
542 3538 778 3604 concessionem
793 3560 899 3602 meam
915 3548 1020 3604 mutet
1040 3551 1096 3603 aut
1112 3542 1248 3605 minuat.
1294 3542 1330 3605 Si
1344 3544 1416 3627 quis

314 3665 389 3707 vero
409 3642 529 3726 aliquid
550 3642 665 3706 horum
683 3663 746 3725 que
765 3642 800 3705 in
818 3641 879 3707 hoc
898 3642 1018 3725 scripto
1034 3643 1242 3707 continentur
1260 3652 1415 3710 temerare

314 3744 553 3829 presumpserit,
574 3753 760 3828 segregatus
784 3744 828 3811 sit
847 3744 940 3807 illes
959 3745 1089 3809 Christo
1108 3754 1142 3810 et
1161 3744 1202 3810 sb
1218 3747 1307 3810 omni
1324 3770 1415 3814 sunc-

313 3856 421 3913 torum
441 3848 512 3932 ejus
532 3846 704 3913 consortie.
752 3846 833 3910 Haec
855 3856 944 3911 curta
965 3847 1052 3912 facts
1068 3847 1132 3911 suit
1151 3848 1236 3931 spnd
1254 3850 1415 3916 Windlcs·

312 3950 437 4029 boram,
453 3950 488 4012 in
508 3971 576 4014 1111.
597 3950 649 4013 die
669 3947 846 4014 ebdomade
865 3949 1033 4034 paschalis,
1050 3951 1109 4014 sub
1130 3951 1317 4017 testimonio
1330 3954 1416 4019 End·

312 4052 395 4140 gite
404 4054 525 4137 regine,
538 4051 687 4117 Godwini
703 4060 736 4113 et
752 4050 887 4114 Heroldi
902 4052 1069 4116 comitum.

629 4322 1116 4335 μμ--ᾑ-
1131 4333 1135 4339 4
