3234 5125
466 431 788 490 MISCELLANEOUS
807 431 1022 486 CHARTERS.
1262 435 1297 484 99

194 611 355 699 synodalis
376 609 513 688 concilii,
532 617 565 673 et
584 609 713 672 familiis
729 609 846 672 nostris
867 607 1080 689 aecclesiaeque
1095 606 1157 670 Dei
1177 604 1299 668 alienus

194 715 320 793 existet,
344 715 399 797 qui
418 711 480 776 hoc
504 711 664 775 kanonice
687 719 812 774 statuta
830 719 865 774 et
886 709 1053 796 synodalia
1073 717 1230 793 praecepta
1248 707 1298 770 in·

194 818 333 900 fringere
351 815 487 894 studuit,
503 814 565 878 nisi
585 814 681 898 digne
701 815 772 878 Deo
791 821 824 878 et
843 813 1028 877 hominibus
1043 809 1301 896 praesumptionis

194 942 260 985 snae
274 941 429 984 conamen
444 916 613 982 emendare
627 916 774 982 voluerit.
819 917 864 980 Et
878 916 940 980 hoo
955 915 1048 999 signo
1062 922 1181 978 sanctae
1195 911 1300 977 crucis

196 1023 318 1088 Christi
332 1019 513 1086 roborando
528 1041 640 1084 omnes
655 1019 777 1104 pariter
791 1019 1059 1102 conscripserim.

242 1130 281 1208 »14
297 1125 369 1208 Ego
395 1121 587 1201 AEtheluulf,
615 1122 686 1186 Deo
716 1120 929 1206 dispensante,
959 1142 1016 1184 rex
1045 1117 1300 1184 Occidentalium

199 1229 390 1312 Anglorum,
406 1227 490 1290 hanc
513 1223 698 1310 praedictam
720 1223 1014 1288 reconciliationem
1032 1221 1162 1286 familiae
1180 1218 1301 1284 Christi

198 1341 232 1397 et
254 1329 450 1396 haereditatis
465 1327 705 1406 AEthelhaahes,
721 1335 754 1391 et
776 1348 906 1391 omnem
928 1323 1144 1390 altercationis
1173 1322 1303 1386 conflio-

199 1443 281 1513 tum,
297 1435 353 1518 qui
367 1433 453 1497 inter
463 1454 497 1498 se
509 1431 707 1498 concitatum
722 1430 916 1507 habuerunt,
928 1429 1075 1493 sedatum
1089 1447 1157 1490 asse
1172 1424 1303 1488 demon·

200 1547 322 1615 strans;
352 1544 386 1601 et
411 1537 473 1600 hoo
497 1557 571 1600 oum
601 1534 798 1618 sapientibus
827 1533 908 1596 meis
938 1532 1030 1615 signo
1058 1538 1178 1594 sanotae
1202 1528 1306 1592 crucis

201 1641 321 1706 Christi
333 1639 465 1724 perenni
480 1639 576 1702 titulo
591 1636 747 1701 roborabo
762 1645 796 1700 et
810 1634 984 1714 subscribo,
995 1654 1132 1717 quorum
1146 1631 1257 1695 subter
1271 1629 1307 1693 in

201 1744 328 1809 scedula
342 1745 525 1827 liquescunt
539 1740 702 1805 vocabula.

246 1851 286 1929 »14
303 1849 373 1930 Ego
388 1843 576 1910 AEtheluulf
586 1844 652 1908 dux
667 1841 738 1907 cofr.
756 1851 788 1906 ct
804 1843 873 1905 ωδ.
920 1845 959 1923 »14
976 1841 1047 1924 Ego
1057 1835 1224 1923 Cyneuulf
1233 1835 1305 1900 coh.

203 1959 236 2016 et
250 1952 318 2015 ωδ.
357 1952 398 2031 »14
414 1951 485 2031 Ego
500 1947 633 2030 Lulling
648 1946 719 2010 coh.
730 1954 763 2010 et
778 1947 847 2008 ωδ.
886 1947 926 2025 »14
943 1945 1015 2026 Ego
1024 1939 1219 2006 AEthelheah
1234 1937 1306 2003 coh.

204 2063 238 2119 et
262 2055 331 2118 ωδ.
386 2055 426 2136 »14
443 2054 514 2135 Ego
528 2049 725 2114 AEthclheah
742 2047 815 2113 coti.
837 2055 871 2110 et
892 2048 961 2109 ωδ.
1017 2048 1057 2126 »14
1073 2045 1146 2127 Ego
1167 2039 1309 2106 Gishard

206 2157 276 2222 cofi.
292 2167 326 2222 et
341 2159 410 2220 ωδ.

248 2263 288 2344 »14
304 2261 375 2343 Ego
401 2257 571 2335 Ceolnoth,
602 2255 705 2338 gratia
735 2251 797 2317 Dei
823 2250 1090 2334 metropolitanus
1113 2245 1309 2331 archiepisc,

206 2387 280 2430 oum
294 2362 488 2449 presbyteris
503 2369 536 2424 et
549 2358 672 2423 familia
686 2378 753 2434 sua,
769 2355 840 2434 hoc,
856 2355 891 2418 id
905 2361 954 2418 est
968 2353 1060 2436 signo
1074 2358 1193 2416 sanotae
1208 2348 1312 2413 crucis

207 2468 330 2532 Christi
344 2464 525 2531 roborando
540 2458 723 2543 subscripsi.

252 2577 292 2656 »14
309 2574 379 2655 Ego
394 2570 554 2634 Alchhere
569 2567 634 2630 dux
649 2564 721 2629 cosi.
738 2572 772 2628 et
791 2564 861 2626 ωδ.
907 2565 947 2643 »14
963 2561 1034 2642 Ego
1049 2555 1237 2623 AEtheluulf
1247 2553 1314 2618 dux

208 2684 278 2743 coh.
294 2686 328 2741 at
343 2677 411 2741 ωδ.
477 2676 518 2755 »14
534 2673 604 2755 llgo
620 2667 808 2734 Freothoric
824 2666 894 2729 abb.
910 2663 981 2727 eofi.
998 2670 1030 2726 et
1046 2664 1115 2724 ωδ.
1185 2663 1225 2741 »14
1241 2660 1313 2741 Ego

209 2777 420 2846 AEthelmund
445 2774 515 2841 coti.
543 2782 576 2838 et
602 2774 670 2837 ωδ.
742 2774 781 2852 »14
799 2770 870 2851 Ego
891 2764 1059 2831 AEthelred
1077 2761 1148 2827 oofi,
1179 2769 1212 2825 et
1242 2761 1311 2823 ωδ.

210 2888 251 2967 »14
266 2885 336 2967 Ego
360 2878 545 2945 Freothorio
567 2876 638 2941 cori.
663 2882 696 2938 et
719 2874 788 2935 ωδ.
844 2873 884 2951 »14
900 2870 971 2951 Ego
994 2864 1162 2931 Denemod
1184 2861 1256 2927 cofi.
1280 2869 1313 2924 et

210 2988 278 3051 ωδ.
325 2989 364 3067 »14
381 2984 452 3066 Ego
468 2977 661 3045 Beornfreth
677 2973 747 3039 coli.
766 2982 798 3037 et
812 2973 882 3036 ωδ.
930 2974 969 3052 »14
987 2972 1058 3053 Ego
1074 2968 1188 3033 Osfere
1203 2963 1275 3029 cofi.

256 3092 336 3155 Haec
358 3095 435 3152 sunt
457 3085 556 3149 etiam
575 3081 708 3145 nomina
727 3076 858 3141 familia
875 3073 1008 3152 Christi,
1027 3081 1060 3136 et
1078 3072 1166 3135 illius
1184 3068 1315 3165 familiae

211 3203 254 3259 aet
276 3192 497 3266 Folcanstane,
520 3205 645 3249 necnon
663 3191 705 3247 aet
728 3179 888 3257 Dohrum,
904 3186 1001 3260 atque
1023 3184 1065 3239 act
1088 3175 1237 3257 Liminge
1258 3171 1315 3256 qui

211 3298 294 3361 banc
317 3293 513 3380 jurationem
535 3288 736 3372 juraverunt,
761 3303 899 3367 quorum
928 3279 1060 3343 nomina
1082 3275 1193 3340 subter
1216 3273 1315 3338 adno-

213 3410 334 3467 tantur.

256 3510 296 3588 »14
312 3504 383 3587 Ego
392 3499 488 3564 Abba
501 3499 538 3581 pi
553 3492 625 3559 cofr.
641 3500 675 3556 et
685 3492 755 3555 sub.
801 3492 841 3570 »14
858 3486 929 3569 Ego
944 3480 1134 3548 Brunheard
1149 3484 1187 3565 pf
1201 3477 1273 3543 cori.
1284 3485 1317 3542 et

214 3612 282 3674 ωδ.
344 3611 383 3689 »14
400 3606 471 3687 Ego
488 3597 625 3665 Hunred
640 3599 676 3681 pi
691 3598 762 3659 ooli.
780 3600 813 3657 et
827 3592 896 3654 ωδ.
963 3592 1003 3670 »14
1019 3588 1090 3669 Ego
1106 3584 1265 3669 Hysenob
1280 3584 1318 3666 p'r‘

216 3712 286 3779 coli.
307 3719 341 3775 et
367 3710 436 3771 ωδ.
489 3708 528 3786 »14
544 3704 616 3785 Ego
640 3694 832 3781 Unigmund
856 3696 893 3778 pi
918 3691 989 3756 cori.
1015 3697 1048 3754 et
1074 3691 1143 3753 ωδ.
1190 3691 1230 3769 »14
1246 3686 1318 3769 Ego

216 3802 281 3881 Eo's
290 3816 328 3898 pi
342 3810 413 3877 ooli.
426 3816 459 3873 ct
473 3808 542 3871 ωδ.
575 3806 614 3887 »14
631 3804 701 3885 Ego
716 3795 892 3882 Degmund
905 3798 943 3879 pi
957 3792 1072 3858 dohet
1087 3793 1155 3855 ωδ.
1192 3794 1231 3872 »14
1248 3790 1319 3871 Ego

216 3916 419 3986 Uuealdhere
433 3915 470 3996 p'i
485 3908 555 3975 ooli.
572 3915 605 3971 et
619 3907 687 3970 ωδ.
734 3905 774 3986 »14
790 3901 862 3983 Ego
877 3895 1047 3963 AEthehed
1060 3898 1097 3978 pf
1112 3891 1184 3958 coli.
1200 3900 1234 3956 et
1248 3891 1317 3954 ωδ.

218 4028 257 4109 »14
273 4024 344 4107 Ego
359 4018 478 4085 Cichus
493 4013 564 4078 cofi.
580 4019 614 4076 et
628 4010 696 4074 ωδ.
731 4074 736 4085 ,
779 4009 819 4087 »14
836 4004 907 4086 Ego
924 3997 1102 4083 Sigemund
1117 4001 1188 4061 coh.
1205 4001 1238 4057 et
1248 3994 1317 4056 ωδ.

218 4133 258 4211 »14
273 4129 344 4209 Ego
360 4117 519 4187 Bornfred
533 4116 604 4180 coh.
621 4122 654 4177 et
669 4112 737 4175 ωδ.
813 4112 853 4190 »14
870 4108 941 4188 Ego
956 4104 1100 4187 Uuynna
1114 4104 1183 4163 ooli.
1200 4104 1234 4160 et
1248 4096 1317 4159 ωδ.

219 4236 258 4314 »14
274 4232 345 4312 Ego
361 4220 548 4309 Sygeanoth
563 4215 634 4281 coli.
645 4222 678 4279 et
694 4215 762 4277 ωδ.
808 4214 848 4292 »14
865 4211 937 4291 Ego
946 4202 1109 4270 Uuihtred
1119 4199 1192 4265 cosi.
1202 4207 1235 4262 et
1250 4198 1318 4261 ωδ.

220 4338 258 4417 »14
274 4334 345 4415 Ego
364 4323 556 4394 Uuillmund
574 4320 645 4385 coh.
666 4326 698 4382 et
716 4318 785 4380 ωδ.
843 4316 883 4394 »14
900 4313 971 4393 Ego
987 4304 1171 4372 Beornmod
1188 4301 1260 4366 eofi.
1287 4308 1321 4364 et

220 4440 286 4502 sub.
342 4436 380 4515 »14
397 4432 468 4511 Ego
483 4425 635 4510 Cynuulf.
692 4426 731 4504 »14
748 4420 818 4500 Ego
831 4414 1009 4479 Uuillhere.
1065 4408 1188 4574 »141Ξςο
1203 4404 1320 4469 Berht·

1087 4531 1110 4573 n
