3234 5125
705 449 839 505 WILLS.
1274 451 1326 504 467

220 621 373 686 fratribus
396 620 478 686 meis
500 619 621 685 ibidem
644 622 717 686 Deo
742 619 965 697 servientibus,
985 640 1098 684 omncs
1118 626 1221 683 terras
1243 618 1328 681 infra

221 725 375 790 (lanciam
390 732 423 789 et
439 731 539 804 extra,
551 745 631 807 quas
645 723 803 788 haetenus
818 723 920 801 tenui,
933 722 1074 787 donante
1088 722 1212 807 prefato
1223 720 1326 784 archi·

220 827 378 911 episeopo,
401 834 435 892 et
454 827 674 892 consentiente
695 825 841 909 predicta
864 825 988 888 familia
1002 823 1135 889 Christi.
1180 823 1327 908 Precepit

221 930 308 994 enim
331 930 393 994 hoc
415 929 496 993 mihi
517 928 604 993 idem
627 928 885 1011 archiepiscopus
902 927 949 990 its
970 927 1085 1006 facere,
1102 947 1140 991 eo
1155 925 1243 1010 quod
1259 947 1327 989 eas-

220 1033 296 1098 dem
319 1040 421 1096 terras
447 1032 488 1095 ad
512 1053 593 1115 opus
614 1031 683 1115 jam
707 1031 868 1114 sepedicta
892 1030 1014 1095 familie
1039 1029 1178 1108 emisset,
1197 1037 1230 1093 et
1251 1049 1326 1092 cum

220 1157 340 1219 magno
362 1135 471 1200 labore
491 1134 708 1218 adquississct,
725 1155 783 1217 pro
798 1133 1056 1197 remuneratione
1075 1140 1185 1197 eterne
1202 1131 1325 1195 salutis.

223 1239 303 1303 Haec
318 1245 427 1302 autem
446 1245 522 1301 sunt
543 1237 676 1301 nomina
695 1243 855 1300 terrarum
871 1257 950 1319 quas
963 1235 1081 1300 reddo:
1106 1235 1233 1318 Hergas
1248 1255 1277 1297 c.
1294 1242 1327 1296 et

221 1349 302 1405 11110‘
315 1340 419 1419 hidas,
434 1339 584 1405 Otteford
602 1361 631 1404 c.
647 1338 750 1418 hidas,
768 1339 935 1404 Gravenea
953 1359 1058 1401 mn.
1074 1337 1176 1415 hidas,
1191 1337 1326 1401 Burnan

220 1465 332 1508 mur.
348 1443 451 1522 hidas,
464 1443 636 1508 Oeswalun
646 1464 678 1505 x.
695 1442 798 1520 hidas,
814 1441 985 1519 Bereham,
1000 1462 1097 1524 quam
1115 1440 1204 1504 idem
1221 1436 1324 1503 archi·

221 1546 387 1631 episcopus
412 1553 445 1610 et
468 1544 620 1609 monachi
647 1544 780 1609 ecclesie
806 1543 930 1609 Christi
961 1542 1063 1606 miehi
1086 1542 1245 1607 dederunt
1266 1562 1325 1624 pro

220 1649 473 1714 commutatione
498 1657 584 1712 terre
613 1647 653 1713 de
676 1649 776 1727 Clive,
801 1668 912 1712 xxxvr.
940 1646 1050 1724 hidas;
1084 1667 1187 1710 unum
1208 1647 1326 1730 jugum

221 1752 307 1837 quod
322 1754 410 1837 jacet
424 1753 458 1816 in
477 1751 611 1815 australi
624 1760 716 1835 parte
734 1752 880 1830 Limone,
896 1760 930 1815 et
944 1751 985 1816 ab
1004 1750 1118 1814 incolis
1139 1750 1327 1813 nominatur

221 1854 431 1934 Lambaham,
447 1853 588 1938 pertinet
615 1861 723 1917 autem
744 1853 784 1917 ad
800 1854 945 1932 Burnan,
961 1861 995 1916 et
1013 1852 1120 1917 reddit
1139 1874 1191 1916 xa.
1212 1873 1327 1936 pensas

221 1959 314 2035 casei,
338 1965 370 2020 et
398 1978 496 2040 agnos
520 1965 554 2020 et
576 1956 685 2020 lanam
705 1957 826 2039 absque
849 1977 941 2019 caseo
952 1981 962 2034 3
994 1955 1081 2019 aliud
1098 1957 1217 2041 jugum
1241 1954 1325 2039 apud

220 2059 428 2138 Northuuda,
458 2067 492 2123 et
520 2059 651 2124 reddere
681 2059 776 2122 debet
805 2080 890 2122 cmx.
914 2079 1090 2137 mensuras,
1121 2081 1200 2142 quas
1225 2058 1326 2141 Angli

220 2162 334 2225 dicunt
354 2167 364 2197 ‘
374 2162 500 2246 ambros
511 2164 533 2242 ',
549 2162 589 2226 de
611 2162 677 2225 sale
687 2188 696 2240 3
722 2183 882 2225 marascos
900 2182 1012 2226 omnes
1029 2161 1064 2224 in
1083 2162 1216 2225 anomali
1235 2169 1327 2246 parte

221 2265 357 2330 Limone
368 2265 445 2329 etin
460 2266 609 2350 aquilone
625 2287 698 2330 cum
710 2265 842 2352 prefatis
856 2265 951 2329 terris
966 2265 1079 2329 devote
1093 2265 1203 2330 reddo.
1227 2265 1325 2330 Man·

220 2368 343 2432 sionem
360 2388 487 2450 quoque
503 2390 574 2452 quae
596 2377 645 2434 est
660 2369 696 2433 in
718 2369 862 2454 aquiloni
883 2375 973 2452 parte
987 2370 1199 2434 Doroberniae
1212 2371 1325 2450 muris,

220 2479 253 2534 et
269 2470 446 2534 clausulam
458 2493 554 2554 quam
569 2472 670 2556 Angli
682 2455 802 2537 dicunt
811 2478 821 2508 ‘
830 2481 922 2555 teagc
931 2475 953 2551 '‚
969 2493 1032 2556 que
1042 2473 1184 2556 pertinet
1199 2474 1239 2538 ad
1254 2497 1325 2559 pre-

219 2575 340 2639 dictam
363 2575 573 2639 mansionem.
621 2574 717 2640 Hanc
735 2583 844 2640 autem
858 2575 1073 2641 redditionem
1095 2576 1167 2641 ideo
1181 2599 1220 2641 ex
1234 2586 1326 2661 parte

218 2678 329 2757 reddo,
350 2678 426 2761 quia
446 2678 515 2762 ipse
538 2679 689 2743 dominus
713 2699 804 2742 meus
829 2678 1085 2763 archiepiscopus
1114 2679 1161 2742 ita
1183 2679 1325 2764 precepit

218 2781 328 2859 michi,
341 2780 420 2844 etin
435 2780 555 2864 scripto
565 2779 651 2864 quod
664 2780 733 2864 ipse
749 2780 887 2845 scribere
901 2780 979 2844 fecit
994 2789 1168 2864 antequam
1181 2782 1324 2847 infirma·

217 2890 308 2946 retur
330 2883 370 2945 de
393 2882 549 2946 divisione
571 2904 680 2946 rerum
700 2904 842 2960 suarum,
863 2883 924 2945 hoo
939 2881 1025 2946 idem
1042 2883 1150 2947 notari
1171 2885 1322 2969 precepit.

219 2984 261 3049 In
281 3006 345 3069 quo
360 2986 457 3049 etiam
474 2986 594 3068 scripto
609 2985 778 3050 constituit
793 2986 1001 3050 elemosinam
1016 3008 1113 3069 quam
1124 2988 1240 3051 cotidie
1255 2989 1325 3052 fieri

218 3087 373 3171 precepit,
388 3088 423 3151 in
445 3087 510 3151 illis
532 3088 626 3151 terris
643 3111 721 3172 quas
737 3089 805 3172 ipse
820 3089 1002 3173 adquisivit,
1018 3111 1077 3172 pro
1092 3090 1200 3153 anima
1219 3099 1325 3155 suaet

218 3210 276 3273 pro
300 3190 468 3254 animabus
493 3190 638 3254 omnium
664 3191 794 3255 illorum
819 3191 874 3274 qui
898 3191 1030 3256 ecclesie
1054 3192 1176 3257 Christi
1203 3192 1325 3277 aliquid

218 3292 329 3356 auxilii
348 3293 591 3376 impendissent,
609 3302 641 3357 et
656 3291 717 3357 hoc
734 3293 952 3357 intentissime
968 3294 1039 3358 fieri
1052 3295 1204 3378 precepit,
1219 3296 1267 3359 ita
1285 3304 1325 3360 ut

217 3395 348 3475 diceret,
369 3396 455 3460 inter
474 3398 583 3461 Deum
607 3404 640 3461 et
666 3406 837 3482 sequentes
856 3420 916 3461 nos
939 3398 1192 3484 archiepiscopos
1218 3399 1261 3462 sit
1284 3399 1324 3464 de

115 3510 121 3519 '
216 3498 363 3564 facienda
385 3507 442 3563 aut
459 3500 651 3583 negligenda
668 3499 731 3563 ista
750 3500 925 3565 elemosina
944 3523 964 3564 a
983 3522 1036 3566 me
1051 3502 1216 3567 ordinata:
1239 3502 1325 3586 apud

218 3602 362 3685 Hergam
377 3622 409 3665 v.
431 3622 596 3685 pauperes,
619 3603 704 3686 apud
724 3602 875 3666 Otteiord
891 3624 934 3682 v.,
956 3604 1039 3687 apud
1056 3604 1146 3669 Clivc
1167 3626 1218 3684 11.,
1238 3606 1322 3689 apud

218 3704 386 3768 Gravenea
408 3724 447 3768 11.
450 3753 460 3782 ,
477 3704 562 3788 apud
577 3703 751 3768 Oeswalun
764 3724 826 3767 vn.
828 3754 839 3783 ‚
854 3704 890 3768 in
908 3705 1037 3770 civitate
1048 3706 1250 3771 Dorobernia
1264 3730 1323 3788 vn,

215 3806 390 3890 unicuique
411 3808 506 3871 detur
520 3806 639 3871 cotidie
661 3806 701 3870 ad
721 3807 982 3872 manducandum
997 3809 1083 3892 quod
1097 3811 1324 3875 convenienter

215 3909 259 3972 sit
282 3909 378 3988 satis3
402 3917 436 3973 ot
461 3930 518 3993 per
546 3931 668 3973 annum
698 3910 814 3994 cuique
838 3910 969 3993 pauperi
992 3912 1033 3975 ad
1059 3914 1211 3976 vestitum
1231 3934 1321 3979 xxvi.

216 4009 348 4075 denarii.
394 4010 521 4076 Cotidie
541 4032 669 4095 quoque
686 4010 830 4094 precepit
844 4012 976 4075 missam
997 4011 1151 4076 celebrari
1172 4034 1230 4096 pro
1253 4015 1321 4077 ani-

215 4113 329 4178 mabus
344 4123 702 4199 supramemoratorum.
748 4116 789 4177 In
800 4115 1016 4179 anniversario
1027 4137 1085 4180 suo
1097 4117 1238 4201 precepit
1253 4118 1322 4182 dari

216 4238 293 4281 noc.
309 4217 503 4302 pauperibus
526 4217 567 4280 ad
590 4216 862 4296 manducandum,
886 4218 1002 4301 cuique
1025 4240 1142 4302 panem
1166 4240 1269 4283 unum
1288 4231 1321 4285 et

215 4341 353 4399 caseum,
370 4328 426 4384 aut
439 4320 567 4383 lardum
582 4328 615 4383 ct
630 4320 798 4383 denarium
814 4342 925 4384 unum.
972 4321 1046 4384 Hoc
1068 4328 1117 4384 est
1134 4331 1320 4405 preceptum

215 4422 447 4507 archiepiscopi
469 4422 640 4487 Wulfredi.
697 4424 768 4505 Ego
797 4442 924 4505 quoque
937 4423 1136 4488 Werhardus
1165 4426 1320 4508 presbiter

1049 4531 1145 4593 2112
