3234 5125
300 432 352 484 :atr
576 430 894 487 MISCELLANEOUS
914 430 1128 487 CHARTERS.

299 606 398 685 sione,
411 605 531 670 ibidem
546 606 685 671 contulit
693 632 702 684 3
727 605 886 686 videlicet,
901 605 1110 670 medietatem
1124 605 1268 689 ejusdem
1283 605 1357 671 ville
1372 607 1407 669 in

300 730 364 791 qua
383 708 518 773 fundata
537 716 586 773 est
602 710 673 792 ipsa
690 708 834 787 ecclesia,
853 708 968 772 deinde
989 710 1145 786 Soubam,
1162 709 1407 792 Greneburgan,

300 811 501 891 Icketonam,
528 798 741 890 Hunitonam‚
766 811 999 890 Neovenham,
1026 811 1208 890 Hulbtune,
1236 812 1406 876 Chadeles-

298 913 411 991 hunte,
437 912 631 998 Herdewyk,
655 916 855 992 Cestretune,
876 915 1103 997 Waspertune,
1124 914 1301 993 Su'obbam,
1325 916 1407 1000 Byr-

298 1016 474 1099 tingabirig
485 1016 579 1100 juxta
587 1018 690 1094 Aven,
704 1017 864 1094 Merston,
876 1016 956 1079 item
968 1017 1141 1080 Merstuna
1153 1018 1189 1079 in
1198 1017 1407 1096 Glcecestria,

299 1118 505 1183 medietatem
526 1119 600 1187 ville
620 1118 659 1182 de
677 1119 832 1195 Lintune,
853 1120 955 1197 Sowe,
976 1119 1147 1203 Salewarp‚
1166 1122 1298 1184 Eatuna
1312 1123 1407 1205 juxta

297 1222 432 1285 fluvium
462 1223 543 1299 Dee,
575 1220 755 1304 Kildesbig‚
783 1222 995 1301 Winewican,
1025 1222 1207 1302 Burbbeca,
1238 1225 1406 1303 Barvvalle,

300 1324 492 1409 Serapetoft,
505 1324 680 1391 Pakinton.
713 1325 776 1389 Pro
787 1325 971 1389 reverencia
986 1325 1095 1409 itaque
1110 1335 1144 1390 et
1159 1326 1282 1390 bonore
1296 1336 1407 1391 sancte

298 1428 361 1491 Dei
376 1428 540 1511 genitricis
556 1427 662 1491 Marie
677 1428 844 1510 sanctique
859 1428 1007 1492 advocati
1020 1428 1084 1492 mei
1100 1430 1237 1511 apostoli
1251 1430 1351 1509 Petri,
1363 1430 1407 1493 do

299 1539 332 1593 et
351 1531 491 1595 concedo
517 1530 627 1595 abbati
645 1530 811 1594 Leofwino
831 1539 865 1594 et
884 1530 1034 1594 omnibus
1056 1531 1174 1595 futuris
1193 1531 1313 1595 ibidem
1333 1540 1406 1615 post

298 1655 371 1697 eum
403 1633 581 1711 abbatibus,
600 1634 648 1696 .in
676 1641 747 1697 tota
775 1633 976 1716 possessione
1005 1634 1202 1714 monasterii,
1232 1636 1344 1699 sakam
1373 1644 1407 1698 et

298 1758 429 1800 socnam
450 1744 482 1800 et
504 1736 684 1800 thelonium
708 1758 815 1815 suum,
834 1736 869 1799 in
889 1744 975 1800 terra
996 1745 1030 1801 et
1051 1737 1087 1801 iu
1106 1759 1200 1821 aqua,
1220 1737 1256 1803 iu
1272 1738 1352 1802 urbe
1371 1747 1406 1802 et

298 1847 398 1918 extra,
423 1848 456 1903 et
482 1860 594 1904 omnes
619 1840 706 1922 leges
728 1846 762 1903 et
785 1838 1045 1918 consuetudines,
1071 1848 1138 1903 tam
1164 1840 1260 1923 plene
1281 1848 1315 1903 et
1336 1848 1405 1903 tam

296 1942 397 2007 libere
416 1942 500 2007 sicut
515 1964 568 2006 eas
583 1942 726 2026 prefatus
741 1941 806 2005 dux
821 1942 1088 2006 bonorificencius
1102 1952 1136 2007 et
1150 1942 1281 2007 liberius
1299 1943 1339 2007 de
1352 1965 1405 2007 me

296 2045 412 2109 tenuit.
459 2046 606 2128 Precipio
629 2046 739 2129 itaque
763 2053 801 2108 ut
826 2045 936 2109 omnia
959 2068 1022 2129 que
1045 2046 1086 2109 sd
1111 2047 1212 2130 ipsam
1237 2048 1404 2111 ecclesiam

296 2148 461 2232 pertinent
486 2148 552 2211 sint
580 2148 714 2212 omnino
742 2147 855 2227 libera,
879 2157 966 2213 terre
996 2150 1082 2213 culte
1111 2157 1145 2213 et
1173 2150 1304 2229 inculte,
1328 2172 1403 2215 cum

297 2250 437 2314 exitibus
463 2258 559 2333 atque
588 2250 767 2314 redditibus
796 2250 1025 2334 predictorum,
1049 2273 1174 2316 necnon
1198 2253 1341 2316 maneria
1369 2261 1403 2317 et

297 2354 441 2432 ecclesie,
467 2352 636 2432 cimiteria,
664 2352 788 2417 decime
811 2353 967 2431 redditus,
991 2362 1025 2418 et
1046 2354 1179 2418 servicia
1205 2354 1323 2433 debita,
1346 2356 1403 2420 ob·

295 2456 446 2535 laciones,
476 2456 658 2536 luminaria,
696 2476 866 2522 causarum
902 2456 1126 2535 discussiones,
1164 2457 1403 2522 emendationes

296 2561 518 2640 ecclesiastice,
541 2561 592 2626 vel
612 2561 780 2640 seculares,
800 2568 834 2625 et
851 2559 1005 2644 quicquid
1025 2561 1075 2624 illi
1091 2561 1163 2624 loco
1182 2561 1334 2625 collatum
1352 2570 1403 2626 est

295 2664 356 2728 sub
379 2663 505 2746 integra
528 2665 744 2743 immunitate,
768 2662 973 2727 concedimus
992 2672 1026 2728 et
1047 2673 1203 2748 perpetuo
1224 2665 1400 2728 firmamus.

295 2768 340 2832 Et
358 2787 400 2830 ne
418 2766 489 2850 quis
507 2767 713 2850 praesentium
727 2766 779 2831 vel
797 2767 900 2850 magis
918 2766 1102 2830 futurorum
1121 2767 1263 2850 ambiget
1277 2790 1340 2851 que
1358 2769 1401 2832 sit

295 2869 351 2932 illa
370 2869 501 2933 libertas
517 2890 614 2952 quam
634 2868 816 2933 amabiliter
833 2877 867 2933 et
884 2869 1021 2934 firmiter
1040 2870 1190 2950 concede,
1206 2871 1400 2935 omnimodis

295 2979 412 3035 cuncta
440 2971 528 3034 illius
555 2971 686 3036 ecclesie
712 2972 869 3054 possessio
897 2971 996 3036 nullis
1026 2973 1068 3036 sit
1097 2995 1241 3058 uuquam
1270 2982 1401 3058 gravata

294 3073 456 3153 oneribus,
479 3095 539 3138 nec
565 3073 785 3158 expeditionis,
808 3095 870 3138 nec
891 3075 1000 3158 pontis
1023 3082 1057 3139 et
1079 3075 1162 3139 arcis
1187 3076 1399 3156 edificatione,

294 3198 354 3240 uec
368 3176 452 3261 juris
470 3176 586 3259 regalis
604 3175 783 3259 fragmine,
802 3197 863 3240 nec
883 3177 964 3240 furis
984 3177 1246 3261 apprehensione.
1290 3181 1346 3259 Et,
1361 3189 1400 3244 ut

294 3281 404 3345 omnia
423 3279 519 3343 simul
539 3279 819 3362 comprehendam,
840 3281 888 3342 nil
909 3280 1003 3344 debet
1023 3281 1144 3344 exsolvi
1164 3303 1225 3346 nec
1243 3282 1322 3365 regi,
1340 3303 1401 3346 nec

294 3383 378 3465 regis
393 3382 563 3466 preposito,
580 3382 630 3445 vel
645 3382 802 3466 episcopo,
815 3382 865 3446 vel
879 3368 1089 3462 ulli'homini
1101 3385 1156 3448 sed
1167 3385 1277 3448 omnia
1291 3385 1401 3449 debita

294 3486 499 3550 exsolvantur
509 3485 632 3568 jugiter
647 3507 709 3568 que
723 3485 759 3549 in
772 3487 843 3568 ipsa
853 3486 975 3551 ditione
989 3487 1110 3552 fuerint
1124 3488 1164 3552 ad
1179 3489 1399 3572 supradictum

294 3597 441 3652 sanctum
461 3587 579 3666 locum,
595 3587 772 3652 secundum
787 3588 873 3672 quod
888 3588 1106 3654 ordinaverint
1125 3591 1239 3654 fratres
1255 3592 1399 3676 ejusdem

294 3691 441 3756 coenobii.
487 3691 536 3755 Ut
562 3698 669 3754 autem
689 3691 814 3755 cunctis
834 3692 893 3755 hec
913 3692 1223 3776 transgredientibus
1246 3693 1287 3757 ed
1308 3694 1399 3758 dam·

294 3793 458 3856 nationem
482 3813 574 3855 suam
598 3793 764 3858 evidenter
777 3795 880 3878 possit
899 3795 1027 3859 ostendi
1048 3796 1158 3861 literas
1180 3797 1299 3860 summi
1319 3819 1397 3881 pon·

292 3893 388 3960 tificis
409 3915 501 3977 papae
520 3893 707 3973 Alexandri,
724 3917 802 3979 quas
826 3894 867 3959 ab
889 3916 927 3959 eo
949 3898 1156 3980 suscepimus,
1172 3898 1308 3963 directas
1329 3908 1398 3962 tam

294 3997 430 4082 posteris
446 4018 543 4080 quam
559 3998 773 4081 praesentibus
787 3998 840 4062 bic
855 3991 1055 4062 manifestari
1071 4000 1271 4064 curavimus:

337 4100 553 4164 “Alexander
576 4100 754 4184 episcopus,
778 4123 887 4166 servus
907 4123 1072 4166 servorum
1096 4103 1170 4182 Dei,
1189 4103 1307 4168 dilecto
1329 4103 1399 4167 fibo

293 4203 471 4268 Eadvardo
499 4203 567 4287 regi
592 4205 775 4287 Anglorum
804 4205 942 4269 salutem
966 4214 1001 4270 et
1022 4207 1229 4290 apostolicam
1248 4207 1399 4271 benedic·

292 4307 425 4372 tionem.
472 4307 673 4390 Scriptorum
697 4315 877 4371 vestrorum
898 4308 1026 4392 eloquia
1047 4308 1304 4373 incolumitatem
1326 4330 1397 4373 ves·

291 4419 377 4473 tram
391 4407 605 4490 significantia
620 4409 684 4474 laeti
697 4410 905 4492 suscepimus,
916 4412 1035 4491 gratias
1049 4411 1159 4494 itaque
1171 4412 1397 4496 Omnipotenti
