3234 5125
309 423 364 478 686
491 415 495 422 ’
800 419 935 474 wius.

310 592 346 656 in
367 592 599 677 possessionem
619 591 753 656 ecclesie
768 591 867 655 simul
886 611 961 656 cum
979 587 1149 673 principali
1166 594 1258 670 purte
1276 583 1397 649 redibit
1405 610 1419 662 3

311 695 477 760 dimidiam
495 716 571 760 vero
589 701 715 778 partem
734 691 905 758 bominum
924 691 1035 776 quiin
1053 696 1232 754 memorata
1248 695 1334 751 tarra
1353 686 1419 750 sub

312 798 466 863 servitute
491 798 626 882 degunt,
655 796 806 861 libertate
832 794 1031 860 donavimus.
1084 793 1249 876 Rogamus
1277 810 1355 872 ergo
1384 795 1422 853 et

311 900 524 980 obsecramus,
540 921 597 984 per
611 900 674 965 Dei
689 899 833 965 terribile
850 919 980 977 nomen,
995 904 1034 961 ut
1051 896 1162 960 nullus
1179 894 1312 960 omnino
1329 894 1418 956 hanc

311 1013 431 1068 terram
451 1002 550 1068 donet
569 1003 619 1068 vel
638 1003 757 1067 vendat
777 1001 830 1067 vel
848 1002 956 1085 aliquo
976 998 1073 1065 modo
1095 997 1265 1064 abeodem
1282 995 1419 1060 ecclesia

310 1107 438 1171 alienet.
483 1105 581 1172 Quod
596 1104 624 1170 si
639 1105 711 1189 quis
726 1104 849 1185 fecerit,
864 1105 907 1169 sit
926 1104 983 1168 ille
999 1101 1189 1167 maledictus
1206 1108 1240 1164 et
1257 1099 1418 1163 alienatus

311 1210 352 1274 ab
366 1209 456 1275 omni
470 1208 671 1273 beatitudine
688 1208 845 1292 presentis
858 1208 925 1272 vite
939 1215 973 1272 et
987 1205 1107 1285 future,
1122 1205 1229 1289 sitque
1242 1204 1313 1288 ejus
1326 1224 1416 1267 oom-

310 1313 448 1376 moratio
473 1333 548 1376 cum
571 1311 761 1376 demonibus
790 1311 825 1374 in
853 1311 992 1389 inferno,
1017 1309 1076 1374 nbi
1101 1308 1187 1392 ignis
1210 1328 1324 1371 eorum
1348 1327 1417 1370 non

310 1415 520 1499 extinguitur,
536 1422 569 1480 et
582 1414 701 1480 vermis
716 1435 829 1480 eorum
842 1435 910 1478 non
924 1413 1090 1478 morietur.

572 1823 755 1880 AEnnnmo
773 1823 904 1880 BIGGA.
940 1823 1148 1880 n.L.-n.n1v.

356 1973 421 2036 Hic
442 1981 575 2038 notatur
597 1973 683 2057 quod
705 1973 888 2057 AEgelricns
910 1974 1015 2057 Bigga
1036 1975 1183 2039 concedit
1206 1977 1327 2041 Sancto
1343 1979 1413 2041 Au-

311 2075 442 2158 gustino
466 2083 539 2158 post
561 2075 687 2141 obitum
713 2097 819 2156 snum,
845 2097 1000 2141 concessu
1022 2076 1146 2140 domini
1171 2079 1222 2142 sui
1248 2081 1412 2144 AEdwnrdi

310 2177 404 2261 regis,
430 2185 532 2242 terrae
552 2178 733 2243 Bodesham
754 2186 787 2243 et
808 2179 1001 2258 Wilrintnn,
1024 2200 1062 2244 eo
1083 2188 1178 2263 pacto
1201 2183 1287 2265 quod
1309 2183 1413 2247 Wnde

310 2282 379 2364 ejus
399 2281 491 2345 miles
506 2281 615 2346 sedeat
630 2281 698 2346 dies
713 2302 788 2346 suos
802 2281 839 2345 in
853 2280 1045 2361 Bodesham,
1061 2291 1095 2347 et
1109 2283 1246 2349 Lifwine
1261 2285 1414 2369 Feireage

311 2383 422 2448 sedeat
447 2382 516 2448 dies
545 2405 621 2449 suos
645 2384 681 2447 in
704 2383 903 2464 Wilrinton;
933 2393 967 2450 et
992 2393 1066 2470 post
1091 2387 1218 2450 obitum
1244 2388 1412 2453 amborum

310 2495 404 2551 terrae
419 2493 608 2551 remaneant
628 2487 749 2550 Sancto
763 2487 959 2572 Augustino,
974 2495 1008 2552 et
1028 2488 1127 2553 abbas
1145 2498 1295 2574 procuret
1312 2499 1414 2556 terras

309 2590 351 2654 ad
365 2613 446 2675 opus
461 2591 658 2670 monasterii,
675 2590 759 2657 siout
777 2612 919 2655 amorem
936 2591 1055 2657 habere
1070 2593 1134 2659 Dei
1149 2594 1236 2673 velit,
1252 2602 1286 2658 et
1301 2596 1413 2660 Sancti

205 2681 209 2687 ’
309 2694 411 2773 Petri,
431 2702 464 2758 et
486 2694 596 2759 Sancti
611 2694 798 2779 Augustini.
843 2695 887 2757 Et
912 2694 975 2758 Dei
996 2696 1108 2760 odium
1129 2695 1248 2761 habeat
1269 2698 1411 2782 quisquis

308 2798 393 2861 hanc
422 2796 628 2862 donationem
657 2797 837 2881 infregerit,
866 2796 929 2861 nisi
958 2797 1059 2862 cicius
1089 2799 1307 2865 emendaverit
1335 2822 1412 2885 erga

310 2900 489 2965 Dominum
502 2907 535 2965 et
550 2909 677 2965 sanctos
691 2899 736 2964 ibi
751 2900 960 2984 quiescentes.

354 3002 442 3069 Huic
467 3002 633 3067 donationi
659 3010 735 3066 sunt
755 3008 873 3067 testes:
903 3002 1065 3068 Eadninns
1088 3004 1355 3091 archiepiscopus,
1379 3017 1412 3073 et

309 3114 483 3172 conventus
507 3105 631 3171 Christi
654 3104 796 3185 ecclesie,
820 3113 854 3170 et
876 3106 1040 3171 Robertns
1066 3107 1237 3192 episcopus
1263 3108 1411 3190 Londoti,

309 3219 342 3272 et
358 3207 532 3273 (lodwinus
547 3208 713 3292 episcopua
728 3207 840 3277 Sancti
854 3208 1004 3288 Martini,
1020 3216 1083 3274 etc.

472 3602 604 3671 QUEEN
621 3602 803 3661 AELFGIFU
821 3604 945 3661 ΕΜΜΑ.
981 3606 1110 3663 ABOUT
1127 3606 1247 3662 unm.

354 3755 424 3818 Her
458 3754 612 3839 swytelati
652 3776 695 3819 on
734 3754 839 3841 binum
922 3753 1011 3819 Here
1037 3755 1066 3818 is
1096 3755 1190 3820 made
1218 3756 1348 3837 known,
1378 3759 1413 3821 in

307 3857 448 3942 gewritae
499 3859 561 3942 baet
604 3856 741 3941 AElfgifu
785 3879 840 3922 seo
876 3856 942 3920 this
958 3856 1097 3941 writing,
1116 3858 1188 3923 that
1205 3860 1343 3944 AElfgifu
1359 3861 1416 3925 the

307 3961 447 4045 hlefdige
476 3959 612 4024 bream
636 3979 667 4023 v.
691 3959 769 4023 hida
797 3968 840 4025 aet
876 3959 951 4045 lady
970 3960 1029 4024 has
1048 3961 1251 4045 bequeathed
1271 3984 1303 4027 v.
1323 3963 1414 4028 hides
1523 4000 1527 4005 -

309 4064 502 4147 Heilincigoe
516 4063 586 4127 into
606 4060 731 4126 Ealdan
745 4085 839 4147 myn-
878 4072 912 4128 at
947 4064 1094 4150 Hayling
1134 4066 1240 4131 island
1281 4075 1317 4132 to
1356 4068 1414 4133 the

307 4167 411 4233 strae¹·
424 4166 487 4230 and
502 4167 563 4231 heo
578 4166 723 4231 bacwaee
733 4166 840 4229 wulf-
878 4165 943 4231 Old
982 4170 1189 4255 monastery¹
1199 4197 1209 4249 3
1255 4171 1319 4236 and
1355 4171 1414 4236 she

308 4270 440 4335 woordae
474 4270 608 4336 Hwitan
637 4290 668 4333 v.
699 4268 776 4333 hida
807 4268 844 4333 of
877 4270 936 4333 has
949 4271 1150 4355 bequeathed
1165 4281 1200 4337 to
1215 4275 1413 4339 wulfweard

729 4406 737 4436 ¹
756 4405 797 4457 At
810 4403 998 4460 Winchester..
