<?xml version="1.0" encoding="UTF-8"?>
<!DOCTYPE html PUBLIC "-//W3C//DTD XHTML 1.0 Transitional//EN"
    "http://www.w3.org/TR/xhtml1/DTD/xhtml1-transitional.dtd">
<html xmlns="http://www.w3.org/1999/xhtml" xml:lang="en" lang="en">
 <head>
  <title>
</title>
<meta http-equiv="Content-Type" content="text/html;charset=utf-8" />
  <meta name='ocr-system' content='tesseract 3.04.00' />
  <meta name='ocr-capabilities' content='ocr_page ocr_carea ocr_par ocr_line ocrx_word'/>
</head>
<body>
  <div class='ocr_page' id='page_1' title='image "./diplomatariuman02thorgoog_0092.png"; bbox 0 0 3234 5125; ppageno 0'>
   <div class='ocr_carea' id='block_1_1' title="bbox 302 415 1129 475">
    <p class='ocr_par' dir='ltr' id='par_1_1' title="bbox 302 415 1129 475">
     <span class='ocr_line' id='line_1_1' title="bbox 302 415 1129 475; baseline -0.006 0"><span class='ocrx_word' id='word_1_1' title='bbox 302 422 338 475; x_wconf 73' lang='lat'>48</span> <span class='ocrx_word' id='word_1_2' title='bbox 573 418 893 475; x_wconf 83' lang='lat' dir='ltr'>MISCELLANEOUS</span> <span class='ocrx_word' id='word_1_3' title='bbox 916 415 1129 472; x_wconf 69' lang='lat' dir='ltr'>CHARTERS.</span> 
     </span>
    </p>
   </div>
   <div class='ocr_carea' id='block_1_2' title="bbox 295 587 1403 674">
    <p class='ocr_par' dir='ltr' id='par_1_2' title="bbox 295 587 1403 674">
     <span class='ocr_line' id='line_1_2' title="bbox 295 587 1403 674; baseline -0.009 -20"><span class='ocrx_word' id='word_1_4' title='bbox 295 589 372 655; x_wconf 91' lang='lat' dir='ltr'>lond</span> <span class='ocrx_word' id='word_1_5' title='bbox 384 590 559 656; x_wconf 90' lang='lat' dir='ltr'>unbefliten</span> <span class='ocrx_word' id='word_1_6' title='bbox 571 590 734 674; x_wconf 70' lang='lat' dir='ltr'>eghwaes]</span> <span class='ocrx_word' id='word_1_7' title='bbox 745 592 837 657; x_wconf 66' lang='lat' dir='ltr'>seod-</span> <span class='ocrx_word' id='word_1_8' title='bbox 869 590 949 672; x_wconf 86' lang='lat' dir='ltr'>king</span> <span class='ocrx_word' id='word_1_9' title='bbox 966 588 1039 652; x_wconf 88' lang='lat' dir='ltr'>that</span> <span class='ocrx_word' id='word_1_10' title='bbox 1055 587 1097 651; x_wconf 89' lang='lat' dir='ltr'>he</span> <span class='ocrx_word' id='word_1_11' title='bbox 1111 608 1176 649; x_wconf 84' lang='lat' dir='ltr'>was</span> <span class='ocrx_word' id='word_1_12' title='bbox 1194 604 1238 649; x_wconf 92' lang='lat' dir='ltr'>no</span> <span class='ocrx_word' id='word_1_13' title='bbox 1255 589 1403 649; x_wconf 81' lang='lat' dir='ltr'>eonsent-</span> 
     </span>
    </p>
   </div>
   <div class='ocr_carea' id='block_1_3' title="bbox 296 684 1404 879">
    <p class='ocr_par' dir='ltr' id='par_1_3' title="bbox 296 684 1404 879">
     <span class='ocr_line' id='line_1_3' title="bbox 296 684 1404 777; baseline -0.006 -22"><span class='ocrx_word' id='word_1_14' title='bbox 296 694 361 756; x_wconf 74' lang='lat' dir='ltr'>lisn</span> <span class='ocrx_word' id='word_1_15' title='bbox 377 698 396 757; x_wconf 73' lang='grc' dir='ltr'>ἓ</span> <span class='ocrx_word' id='word_1_16' title='bbox 410 694 454 758; x_wconf 73' lang='lat' dir='ltr'>oo</span> <span class='ocrx_word' id='word_1_17' title='bbox 468 694 519 757; x_wconf 89' lang='lat' dir='ltr'>his</span> <span class='ocrx_word' id='word_1_18' title='bbox 533 694 616 777; x_wconf 87' lang='lat' dir='ltr'>daga</span> <span class='ocrx_word' id='word_1_19' title='bbox 630 694 724 761; x_wconf 87' lang='lat' dir='ltr'>ende.</span> <span class='ocrx_word' id='word_1_20' title='bbox 867 692 924 775; x_wconf 91' lang='lat' dir='ltr'>ing</span> <span class='ocrx_word' id='word_1_21' title='bbox 956 700 1060 775; x_wconf 88' lang='lat' dir='ltr'>party.</span> <span class='ocrx_word' id='word_1_22' title='bbox 1124 688 1216 752; x_wconf 80' lang='lat' dir='ltr'>Theo</span> <span class='ocrx_word' id='word_1_23' title='bbox 1250 708 1315 749; x_wconf 80' lang='lat' dir='ltr'>was</span> <span class='ocrx_word' id='word_1_24' title='bbox 1347 684 1404 748; x_wconf 87' lang='lat' dir='ltr'>the</span> 
     </span>
     <span class='ocr_line' id='line_1_4' title="bbox 776 786 1403 879; baseline -0.011 -21"><span class='ocrx_word' id='word_1_25' title='bbox 776 875 778 879; x_wconf 17' lang='grc' dir='ltr'><strong><em>ι</em></strong></span> <span class='ocrx_word' id='word_1_26' title='bbox 865 794 942 857; x_wconf 90' lang='lat' dir='ltr'>land</span> <span class='ocrx_word' id='word_1_27' title='bbox 957 794 1051 877; x_wconf 82' lang='lat' dir='ltr'>given</span> <span class='ocrx_word' id='word_1_28' title='bbox 1066 802 1101 856; x_wconf 92' lang='lat' dir='ltr'>to</span> <span class='ocrx_word' id='word_1_29' title='bbox 1116 792 1173 856; x_wconf 90' lang='lat' dir='ltr'>the</span> <span class='ocrx_word' id='word_1_30' title='bbox 1187 797 1325 855; x_wconf 82' lang='lat' dir='ltr'>convent</span> <span class='ocrx_word' id='word_1_31' title='bbox 1339 786 1403 853; x_wconf 92' lang='lat' dir='ltr'>and</span> 
     </span>
    </p>
   </div>
   <div class='ocr_carea' id='block_1_4' title="bbox 864 892 1402 1077">
    <p class='ocr_par' dir='ltr' id='par_1_4' title="bbox 864 892 1402 1077">
     <span class='ocr_line' id='line_1_5' title="bbox 866 892 1402 975; baseline -0.011 -15"><span class='ocrx_word' id='word_1_32' title='bbox 866 897 922 961; x_wconf 85' lang='lat' dir='ltr'>the</span> <span class='ocrx_word' id='word_1_33' title='bbox 936 896 1018 974; x_wconf 89' lang='lat' dir='ltr'>lord,</span> <span class='ocrx_word' id='word_1_34' title='bbox 1034 894 1246 961; x_wconf 85' lang='lat' dir='ltr'>uneontested</span> <span class='ocrx_word' id='word_1_35' title='bbox 1260 892 1298 957; x_wconf 85' lang='lat' dir='ltr'>of</span> <span class='ocrx_word' id='word_1_36' title='bbox 1307 912 1402 975; x_wconf 80' lang='lat' dir='ltr'><strong>every</strong></span> 
     </span>
     <span class='ocr_line' id='line_1_6' title="bbox 864 994 1401 1077; baseline -0.011 -14"><span class='ocrx_word' id='word_1_37' title='bbox 864 1020 937 1077; x_wconf 90' lang='lat' dir='ltr'>one,</span> <span class='ocrx_word' id='word_1_38' title='bbox 954 998 1017 1062; x_wconf 91' lang='lat' dir='ltr'>and</span> <span class='ocrx_word' id='word_1_39' title='bbox 1033 1020 1106 1063; x_wconf 88' lang='lat' dir='ltr'>ever</span> <span class='ocrx_word' id='word_1_40' title='bbox 1121 996 1307 1061; x_wconf 81' lang='lat' dir='ltr'>afterwards</span> <span class='ocrx_word' id='word_1_41' title='bbox 1315 994 1401 1059; x_wconf 82' lang='lat' dir='ltr'>until</span> 
     </span>
    </p>
   </div>
   <div class='ocr_carea' id='block_1_5' title="bbox 863 1100 1102 1188">
    <p class='ocr_par' dir='ltr' id='par_1_5' title="bbox 863 1100 1102 1188">
     <span class='ocr_line' id='line_1_7' title="bbox 863 1100 1102 1188; baseline 0 -23"><span class='ocrx_word' id='word_1_42' title='bbox 863 1101 915 1166; x_wconf 90' lang='lat' dir='ltr'>his</span> <span class='ocrx_word' id='word_1_43' title='bbox 929 1102 1019 1188; x_wconf 83' lang='lat' dir='ltr'>days&#39;</span> <span class='ocrx_word' id='word_1_44' title='bbox 1029 1100 1102 1165; x_wconf 90' lang='lat' dir='ltr'>end.</span> 
     </span>
    </p>
   </div>
   <div class='ocr_carea' id='block_1_6' title="bbox 596 1416 1099 1427">
    <p class='ocr_par' dir='ltr' id='par_1_6' title="bbox 596 1416 1099 1427">
     <span class='ocr_line' id='line_1_8' title="bbox 596 1416 1099 1427; baseline -0.002 -2"><span class='ocrx_word' id='word_1_45' title='bbox 596 1416 1099 1427; x_wconf 76' lang='lat'>———--——-.-———-</span> 
     </span>
    </p>
   </div>
   <div class='ocr_carea' id='block_1_7' title="bbox 475 1662 1224 1721">
    <p class='ocr_par' dir='ltr' id='par_1_7' title="bbox 475 1662 1224 1721">
     <span class='ocr_line' id='line_1_9' title="bbox 475 1662 1224 1721; baseline -0.003 -2"><span class='ocrx_word' id='word_1_46' title='bbox 475 1663 723 1720; x_wconf 80' lang='lat' dir='ltr'>ARCHBISHOP</span> <span class='ocrx_word' id='word_1_47' title='bbox 741 1662 1027 1719; x_wconf 74' lang='lat' dir='ltr'>AE&#39;l&#39;HELHEARD.</span> <span class='ocrx_word' id='word_1_48' title='bbox 1062 1664 1224 1721; x_wconf 77' lang='lat' dir='ltr'>Ducum.</span> 
     </span>
    </p>
   </div>
   <div class='ocr_carea' id='block_1_8' title="bbox 298 1810 1480 4470">
    <p class='ocr_par' dir='ltr' id='par_1_8' title="bbox 300 1810 1403 1982">
     <span class='ocr_line' id='line_1_10' title="bbox 343 1810 1403 1896; baseline -0.007 -16"><span class='ocrx_word' id='word_1_49' title='bbox 343 1814 456 1880; x_wconf 82' lang='lat' dir='ltr'>Gloria</span> <span class='ocrx_word' id='word_1_50' title='bbox 478 1812 513 1876; x_wconf 92' lang='lat' dir='ltr'>in</span> <span class='ocrx_word' id='word_1_51' title='bbox 537 1811 669 1877; x_wconf 85' lang='lat' dir='ltr'>excelsis</span> <span class='ocrx_word' id='word_1_52' title='bbox 692 1810 774 1891; x_wconf 93' lang='lat' dir='ltr'>Deo,</span> <span class='ocrx_word' id='word_1_53' title='bbox 797 1818 831 1876; x_wconf 91' lang='lat' dir='ltr'>et</span> <span class='ocrx_word' id='word_1_54' title='bbox 852 1812 997 1877; x_wconf 87' lang='lat' dir='ltr'>interra</span> <span class='ocrx_word' id='word_1_55' title='bbox 1018 1834 1079 1896; x_wconf 81' lang='lat' dir='ltr'>pax</span> <span class='ocrx_word' id='word_1_56' title='bbox 1104 1810 1290 1876; x_wconf 88' lang='lat' dir='ltr'>hominibus</span> <span class='ocrx_word' id='word_1_57' title='bbox 1309 1810 1403 1874; x_wconf 89' lang='lat' dir='ltr'>bonae</span> 
     </span>
     <span class='ocr_line' id='line_1_11' title="bbox 300 1916 485 1982; baseline -0.005 0"><span class='ocrx_word' id='word_1_58' title='bbox 300 1916 485 1982; x_wconf 88' lang='lat' dir='ltr'>voluntatis.</span> 
     </span>
    </p>

    <p class='ocr_par' dir='ltr' id='par_1_9' title="bbox 298 2015 1480 4470">
     <span class='ocr_line' id='line_1_12' title="bbox 343 2015 1401 2104; baseline -0.003 -20"><span class='ocrx_word' id='word_1_59' title='bbox 343 2024 384 2104; x_wconf 64' lang='grc' dir='ltr'>ιιι</span> <span class='ocrx_word' id='word_1_60' title='bbox 402 2019 529 2084; x_wconf 80' lang='lat' dir='ltr'>Scimus</span> <span class='ocrx_word' id='word_1_61' title='bbox 543 2026 652 2081; x_wconf 88' lang='lat' dir='ltr'>autem</span> <span class='ocrx_word' id='word_1_62' title='bbox 667 2016 753 2100; x_wconf 90' lang='lat' dir='ltr'>quod</span> <span class='ocrx_word' id='word_1_63' title='bbox 777 2015 889 2080; x_wconf 90' lang='lat' dir='ltr'>multis</span> <span class='ocrx_word' id='word_1_64' title='bbox 906 2016 942 2080; x_wconf 93' lang='lat' dir='ltr'>in</span> <span class='ocrx_word' id='word_1_65' title='bbox 960 2018 1068 2081; x_wconf 91' lang='lat' dir='ltr'>Deum</span> <span class='ocrx_word' id='word_1_66' title='bbox 1087 2016 1225 2081; x_wconf 80' lang='lat' dir='ltr'>fideliter</span> <span class='ocrx_word' id='word_1_67' title='bbox 1239 2016 1401 2081; x_wconf 88' lang='lat' dir='ltr'>conliden-</span> 
     </span>
     <span class='ocr_line' id='line_1_13' title="bbox 298 2118 1403 2205; baseline -0.005 -16"><span class='ocrx_word' id='word_1_68' title='bbox 298 2125 386 2189; x_wconf 90' lang='lat' dir='ltr'>tibus</span> <span class='ocrx_word' id='word_1_69' title='bbox 399 2130 514 2186; x_wconf 88' lang='lat' dir='ltr'>notum</span> <span class='ocrx_word' id='word_1_70' title='bbox 531 2128 564 2185; x_wconf 88' lang='lat' dir='ltr'>et</span> <span class='ocrx_word' id='word_1_71' title='bbox 583 2119 789 2184; x_wconf 82' lang='lat' dir='ltr'>manifestum</span> <span class='ocrx_word' id='word_1_72' title='bbox 805 2127 855 2183; x_wconf 90' lang='lat' dir='ltr'>est</span> <span class='ocrx_word' id='word_1_73' title='bbox 864 2145 874 2199; x_wconf 82' lang='lat'>3</span> <span class='ocrx_word' id='word_1_74' title='bbox 897 2127 932 2185; x_wconf 92' lang='lat' dir='ltr'>et</span> <span class='ocrx_word' id='word_1_75' title='bbox 948 2120 1031 2183; x_wconf 85' lang='lat' dir='ltr'>nihil</span> <span class='ocrx_word' id='word_1_76' title='bbox 1047 2128 1159 2185; x_wconf 90' lang='lat' dir='ltr'>temen</span> <span class='ocrx_word' id='word_1_77' title='bbox 1168 2120 1233 2185; x_wconf 87' lang='lat' dir='ltr'>illis</span> <span class='ocrx_word' id='word_1_78' title='bbox 1250 2118 1403 2205; x_wconf 83' lang='lat' dir='ltr'>plncsbile</span> 
     </span>
     <span class='ocr_line' id='line_1_14' title="bbox 298 2221 1401 2307; baseline -0.005 -15"><span class='ocrx_word' id='word_1_79' title='bbox 298 2228 334 2291; x_wconf 94' lang='lat' dir='ltr'>in</span> <span class='ocrx_word' id='word_1_80' title='bbox 359 2248 397 2291; x_wconf 92' lang='lat' dir='ltr'>eo</span> <span class='ocrx_word' id='word_1_81' title='bbox 421 2225 524 2289; x_wconf 86' lang='lat' dir='ltr'>visum</span> <span class='ocrx_word' id='word_1_82' title='bbox 547 2229 607 2302; x_wconf 90' lang='lat' dir='ltr'>est,</span> <span class='ocrx_word' id='word_1_83' title='bbox 633 2222 689 2306; x_wconf 93' lang='lat' dir='ltr'>qui</span> <span class='ocrx_word' id='word_1_84' title='bbox 711 2222 747 2286; x_wconf 91' lang='lat' dir='ltr'>in</span> <span class='ocrx_word' id='word_1_85' title='bbox 773 2221 924 2305; x_wconf 87' lang='lat' dir='ltr'>gentibus</span> <span class='ocrx_word' id='word_1_86' title='bbox 946 2222 1129 2307; x_wconf 85' lang='lat' dir='ltr'>Anglorum</span> <span class='ocrx_word' id='word_1_87' title='bbox 1152 2230 1401 2302; x_wconf 73' lang='lat' dir='ltr'><strong>commorantur,</strong></span> 
     </span>
     <span class='ocr_line' id='line_1_15' title="bbox 298 2324 1401 2414; baseline -0.005 -20"><span class='ocrx_word' id='word_1_88' title='bbox 298 2328 386 2414; x_wconf 92' lang='lat' dir='ltr'>quod</span> <span class='ocrx_word' id='word_1_89' title='bbox 396 2327 472 2393; x_wconf 75' lang='lat' dir='ltr'>offa</span> <span class='ocrx_word' id='word_1_90' title='bbox 485 2346 541 2390; x_wconf 85' lang='lat' dir='ltr'>rex</span> <span class='ocrx_word' id='word_1_91' title='bbox 555 2324 755 2389; x_wconf 90' lang='lat' dir='ltr'>Merciorum</span> <span class='ocrx_word' id='word_1_92' title='bbox 765 2324 800 2388; x_wconf 90' lang='lat' dir='ltr'>in</span> <span class='ocrx_word' id='word_1_93' title='bbox 815 2324 929 2389; x_wconf 91' lang='lat' dir='ltr'>diebus</span> <span class='ocrx_word' id='word_1_94' title='bbox 937 2324 1125 2390; x_wconf 87' lang='lat' dir='ltr'>Iaenberhti</span> <span class='ocrx_word' id='word_1_95' title='bbox 1136 2324 1401 2410; x_wconf 73' lang='lat' dir='ltr'>archiepiscopus,</span> 
     </span>
     <span class='ocr_line' id='line_1_16' title="bbox 298 2426 1403 2512; baseline -0.004 -16"><span class='ocrx_word' id='word_1_96' title='bbox 298 2453 374 2497; x_wconf 92' lang='lat' dir='ltr'>cum</span> <span class='ocrx_word' id='word_1_97' title='bbox 388 2430 528 2494; x_wconf 86' lang='lat' dir='ltr'>maxima</span> <span class='ocrx_word' id='word_1_98' title='bbox 543 2426 654 2491; x_wconf 80' lang='lat' dir='ltr'>hande</span> <span class='ocrx_word' id='word_1_99' title='bbox 668 2427 825 2490; x_wconf 82' lang='lat' dir='ltr'><strong>honorem</strong></span> <span class='ocrx_word' id='word_1_100' title='bbox 840 2434 873 2490; x_wconf 89' lang='lat' dir='ltr'>et</span> <span class='ocrx_word' id='word_1_101' title='bbox 887 2426 1047 2491; x_wconf 83' lang='lat' dir='ltr'>unitatem</span> <span class='ocrx_word' id='word_1_102' title='bbox 1065 2427 1150 2492; x_wconf 90' lang='lat' dir='ltr'>sedis</span> <span class='ocrx_word' id='word_1_103' title='bbox 1170 2428 1224 2492; x_wconf 76' lang='lat' dir='ltr'>S&#39;ci</span> <span class='ocrx_word' id='word_1_104' title='bbox 1237 2428 1403 2512; x_wconf 63' lang='lat' dir='ltr'>hfflrstini,</span> 
     </span>
     <span class='ocr_line' id='line_1_17' title="bbox 298 2528 1403 2620; baseline -0.004 -20"><span class='ocrx_word' id='word_1_105' title='bbox 298 2534 399 2620; x_wconf 87' lang='lat' dir='ltr'>patris</span> <span class='ocrx_word' id='word_1_106' title='bbox 420 2530 534 2610; x_wconf 79' lang='lat' dir='ltr'>nostri,</span> <span class='ocrx_word' id='word_1_107' title='bbox 554 2530 589 2596; x_wconf 93' lang='lat' dir='ltr'>in</span> <span class='ocrx_word' id='word_1_108' title='bbox 609 2528 846 2595; x_wconf 84' lang='lat' dir='ltr'>Dorovernensi</span> <span class='ocrx_word' id='word_1_109' title='bbox 867 2528 997 2594; x_wconf 83' lang='lat' dir='ltr'>civitate</span> <span class='ocrx_word' id='word_1_110' title='bbox 1013 2528 1154 2596; x_wconf 81' lang='lat' dir='ltr'>dividere</span> <span class='ocrx_word' id='word_1_111' title='bbox 1174 2537 1208 2596; x_wconf 92' lang='lat' dir='ltr'>et</span> <span class='ocrx_word' id='word_1_112' title='bbox 1225 2529 1403 2610; x_wconf 77' lang='lat' dir='ltr'>discindere</span> 
     </span>
     <span class='ocr_line' id='line_1_18' title="bbox 298 2627 1402 2725; baseline -0.005 -22"><span class='ocrx_word' id='word_1_113' title='bbox 298 2635 478 2725; x_wconf 74' lang='lat' dir='ltr'>presumsit</span> <span class='ocrx_word' id='word_1_114' title='bbox 486 2661 496 2713; x_wconf 88' lang='lat'>;</span> <span class='ocrx_word' id='word_1_115' title='bbox 513 2641 546 2698; x_wconf 91' lang='lat' dir='ltr'>et</span> <span class='ocrx_word' id='word_1_116' title='bbox 556 2631 718 2717; x_wconf 87' lang='lat' dir='ltr'>quomodo</span> <span class='ocrx_word' id='word_1_117' title='bbox 728 2639 801 2716; x_wconf 88' lang='lat' dir='ltr'>post</span> <span class='ocrx_word' id='word_1_118' title='bbox 811 2627 938 2696; x_wconf 83' lang='lat' dir='ltr'>obitum</span> <span class='ocrx_word' id='word_1_119' title='bbox 952 2633 1099 2716; x_wconf 77' lang='lat' dir='ltr'>praedicti</span> <span class='ocrx_word' id='word_1_120' title='bbox 1107 2634 1277 2718; x_wconf 85' lang='lat' dir='ltr'>pontificis,</span> <span class='ocrx_word' id='word_1_121' title='bbox 1289 2634 1402 2700; x_wconf 76' lang='lat' dir='ltr'>AEsel·</span> 
     </span>
     <span class='ocr_line' id='line_1_19' title="bbox 298 2734 1402 2824; baseline -0.005 -18"><span class='ocrx_word' id='word_1_122' title='bbox 298 2739 436 2806; x_wconf 89' lang='lat' dir='ltr'>heardus</span> <span class='ocrx_word' id='word_1_123' title='bbox 451 2736 582 2824; x_wconf 74' lang='lat' dir='ltr'>si&#39;cepis.</span> <span class='ocrx_word' id='word_1_124' title='bbox 595 2735 657 2802; x_wconf 90' lang='lat' dir='ltr'>Dei</span> <span class='ocrx_word' id='word_1_125' title='bbox 668 2735 774 2818; x_wconf 89' lang='lat' dir='ltr'>gratia</span> <span class='ocrx_word' id='word_1_126' title='bbox 788 2734 923 2799; x_wconf 75' lang='lat' dir='ltr'>donanti</span> <span class='ocrx_word' id='word_1_127' title='bbox 937 2735 1025 2799; x_wconf 92' lang='lat' dir='ltr'>illius</span> <span class='ocrx_word' id='word_1_128' title='bbox 1038 2757 1202 2801; x_wconf 77' lang='lat' dir='ltr'>successor</span> <span class='ocrx_word' id='word_1_129' title='bbox 1216 2745 1288 2821; x_wconf 89' lang='lat' dir='ltr'>post</span> <span class='ocrx_word' id='word_1_130' title='bbox 1302 2737 1402 2802; x_wconf 89' lang='lat' dir='ltr'>curri-</span> 
     </span>
     <span class='ocr_line' id='line_1_20' title="bbox 298 2837 1403 2924; baseline -0.005 -14"><span class='ocrx_word' id='word_1_131' title='bbox 298 2845 370 2910; x_wconf 89' lang='lat' dir='ltr'>cula</span> <span class='ocrx_word' id='word_1_132' title='bbox 395 2862 555 2907; x_wconf 89' lang='lat' dir='ltr'>annorum</span> <span class='ocrx_word' id='word_1_133' title='bbox 584 2860 661 2922; x_wconf 87' lang='lat' dir='ltr'>erga</span> <span class='ocrx_word' id='word_1_134' title='bbox 689 2837 831 2922; x_wconf 90' lang='lat' dir='ltr'>plurima</span> <span class='ocrx_word' id='word_1_135' title='bbox 859 2837 923 2902; x_wconf 91' lang='lat' dir='ltr'>Dei</span> <span class='ocrx_word' id='word_1_136' title='bbox 948 2838 1156 2903; x_wconf 87' lang='lat' dir='ltr'>ecelesiamm</span> <span class='ocrx_word' id='word_1_137' title='bbox 1182 2840 1259 2924; x_wconf 87' lang='lat' dir='ltr'>jura</span> <span class='ocrx_word' id='word_1_138' title='bbox 1288 2839 1403 2904; x_wconf 89' lang='lat' dir='ltr'>limina</span> 
     </span>
     <span class='ocr_line' id='line_1_21' title="bbox 298 2940 1402 3033; baseline -0.005 -20"><span class='ocrx_word' id='word_1_139' title='bbox 298 2946 516 3033; x_wconf 89' lang='lat' dir='ltr'>apostolorum</span> <span class='ocrx_word' id='word_1_140' title='bbox 535 2941 768 3025; x_wconf 68' lang='lat' dir='ltr'>etapostolicae</span> <span class='ocrx_word' id='word_1_141' title='bbox 785 2940 870 3004; x_wconf 91' lang='lat' dir='ltr'>sedis</span> <span class='ocrx_word' id='word_1_142' title='bbox 889 2940 1109 3006; x_wconf 89' lang='lat' dir='ltr'>beatissimum</span> <span class='ocrx_word' id='word_1_143' title='bbox 1127 2964 1243 3027; x_wconf 85' lang='lat' dir='ltr'>papam</span> <span class='ocrx_word' id='word_1_144' title='bbox 1257 2942 1402 3008; x_wconf 82' lang='lat' dir='ltr'>Leonem</span> 
     </span>
     <span class='ocr_line' id='line_1_22' title="bbox 298 3042 1401 3129; baseline -0.004 -14"><span class='ocrx_word' id='word_1_145' title='bbox 298 3051 427 3116; x_wconf 85' lang='lat' dir='ltr'>visitare</span> <span class='ocrx_word' id='word_1_146' title='bbox 456 3043 605 3126; x_wconf 87' lang='lat' dir='ltr'>contigit.</span> <span class='ocrx_word' id='word_1_147' title='bbox 657 3044 750 3109; x_wconf 90' lang='lat' dir='ltr'>Inter</span> <span class='ocrx_word' id='word_1_148' title='bbox 775 3042 854 3106; x_wconf 88' lang='lat' dir='ltr'>alias</span> <span class='ocrx_word' id='word_1_149' title='bbox 878 3043 1071 3109; x_wconf 87' lang='lat' dir='ltr'>necessarias</span> <span class='ocrx_word' id='word_1_150' title='bbox 1098 3045 1275 3129; x_wconf 74' lang='lat' dir='ltr'>legationes</span> <span class='ocrx_word' id='word_1_151' title='bbox 1302 3046 1401 3111; x_wconf 88' lang='lat' dir='ltr'>ctiam</span> 
     </span>
     <span class='ocr_line' id='line_1_23' title="bbox 299 3144 1402 3231; baseline -0.005 -13"><span class='ocrx_word' id='word_1_152' title='bbox 299 3150 518 3218; x_wconf 87' lang='lat' dir='ltr'>discissionem</span> <span class='ocrx_word' id='word_1_153' title='bbox 546 3145 667 3229; x_wconf 85' lang='lat' dir='ltr'>injuste</span> <span class='ocrx_word' id='word_1_154' title='bbox 692 3144 811 3209; x_wconf 86' lang='lat' dir='ltr'>factam</span> <span class='ocrx_word' id='word_1_155' title='bbox 834 3145 1109 3231; x_wconf 89' lang='lat' dir='ltr'>archiepiscopalis</span> <span class='ocrx_word' id='word_1_156' title='bbox 1134 3148 1218 3213; x_wconf 90' lang='lat' dir='ltr'>sedis</span> <span class='ocrx_word' id='word_1_157' title='bbox 1240 3149 1402 3228; x_wconf 80' lang='lat' dir='ltr'>narravit3</span> 
     </span>
     <span class='ocr_line' id='line_1_24' title="bbox 299 3248 1402 3340; baseline -0.001 -22"><span class='ocrx_word' id='word_1_158' title='bbox 299 3265 333 3322; x_wconf 90' lang='lat' dir='ltr'>et</span> <span class='ocrx_word' id='word_1_159' title='bbox 351 3255 420 3340; x_wconf 89' lang='lat' dir='ltr'>ipse</span> <span class='ocrx_word' id='word_1_160' title='bbox 437 3249 629 3334; x_wconf 87' lang='lat' dir='ltr'>apostolicus</span> <span class='ocrx_word' id='word_1_161' title='bbox 649 3269 730 3332; x_wconf 88' lang='lat' dir='ltr'>papa</span> <span class='ocrx_word' id='word_1_162' title='bbox 750 3255 788 3312; x_wconf 92' lang='lat' dir='ltr'>ut</span> <span class='ocrx_word' id='word_1_163' title='bbox 806 3248 929 3314; x_wconf 78' lang='lat' dir='ltr'>audivit</span> <span class='ocrx_word' id='word_1_164' title='bbox 948 3256 981 3313; x_wconf 91' lang='lat' dir='ltr'>et</span> <span class='ocrx_word' id='word_1_165' title='bbox 1004 3250 1164 3315; x_wconf 84' lang='lat' dir='ltr'>intellexit</span> <span class='ocrx_word' id='word_1_166' title='bbox 1179 3251 1264 3334; x_wconf 91' lang='lat' dir='ltr'>quod</span> <span class='ocrx_word' id='word_1_167' title='bbox 1280 3252 1402 3336; x_wconf 88' lang='lat' dir='ltr'>injuste</span> 
     </span>
     <span class='ocr_line' id='line_1_25' title="bbox 298 3349 1480 3439; baseline -0.005 -15"><span class='ocrx_word' id='word_1_168' title='bbox 298 3361 412 3424; x_wconf 71' lang='lat' dir='ltr'>fixisset</span> <span class='ocrx_word' id='word_1_169' title='bbox 433 3355 565 3431; x_wconf 75' lang='lat' dir='ltr'>facttum,</span> <span class='ocrx_word' id='word_1_170' title='bbox 588 3353 699 3415; x_wconf 88' lang='lat' dir='ltr'>statim</span> <span class='ocrx_word' id='word_1_171' title='bbox 721 3351 773 3415; x_wconf 91' lang='lat' dir='ltr'>sui</span> <span class='ocrx_word' id='word_1_172' title='bbox 795 3351 955 3436; x_wconf 87' lang='lat' dir='ltr'>privilegii</span> <span class='ocrx_word' id='word_1_173' title='bbox 980 3353 1182 3417; x_wconf 83' lang='lat' dir='ltr'>auctoritatis</span> <span class='ocrx_word' id='word_1_174' title='bbox 1205 3364 1399 3439; x_wconf 63' lang='lat' dir='ltr'>paeceptum</span> <span class='ocrx_word' id='word_1_175' title='bbox 1475 3349 1480 3364; x_wconf 78' lang='lat'>&#39;</span> 
     </span>
     <span class='ocr_line' id='line_1_26' title="bbox 299 3453 1403 3546; baseline -0.003 -21"><span class='ocrx_word' id='word_1_176' title='bbox 299 3460 417 3546; x_wconf 88' lang='lat' dir='ltr'>posuit,</span> <span class='ocrx_word' id='word_1_177' title='bbox 447 3463 481 3521; x_wconf 90' lang='lat' dir='ltr'>st</span> <span class='ocrx_word' id='word_1_178' title='bbox 504 3455 540 3518; x_wconf 90' lang='lat' dir='ltr'>in</span> <span class='ocrx_word' id='word_1_179' title='bbox 563 3453 782 3518; x_wconf 88' lang='lat' dir='ltr'>Brittanniam</span> <span class='ocrx_word' id='word_1_180' title='bbox 810 3454 911 3533; x_wconf 88' lang='lat' dir='ltr'>misit,</span> <span class='ocrx_word' id='word_1_181' title='bbox 935 3463 969 3519; x_wconf 91' lang='lat' dir='ltr'>et</span> <span class='ocrx_word' id='word_1_182' title='bbox 996 3457 1141 3540; x_wconf 80' lang='lat' dir='ltr'>praecipit</span> <span class='ocrx_word' id='word_1_183' title='bbox 1162 3464 1200 3521; x_wconf 95' lang='lat' dir='ltr'>ut</span> <span class='ocrx_word' id='word_1_184' title='bbox 1223 3457 1326 3524; x_wconf 90' lang='lat' dir='ltr'>honor</span> <span class='ocrx_word' id='word_1_185' title='bbox 1348 3458 1403 3522; x_wconf 73' lang='lat' dir='ltr'>soi</span> 
     </span>
     <span class='ocr_line' id='line_1_27' title="bbox 300 3555 1402 3646; baseline 0.001 -23"><span class='ocrx_word' id='word_1_186' title='bbox 300 3558 454 3646; x_wconf 76' lang='lat' dir='ltr'>Agnetini</span> <span class='ocrx_word' id='word_1_187' title='bbox 472 3555 555 3622; x_wconf 88' lang='lat' dir='ltr'>sedis</span> <span class='ocrx_word' id='word_1_188' title='bbox 570 3577 645 3620; x_wconf 90' lang='lat' dir='ltr'>cum</span> <span class='ocrx_word' id='word_1_189' title='bbox 660 3555 809 3621; x_wconf 89' lang='lat' dir='ltr'>omnibus</span> <span class='ocrx_word' id='word_1_190' title='bbox 824 3556 892 3620; x_wconf 91' lang='lat' dir='ltr'>suis</span> <span class='ocrx_word' id='word_1_191' title='bbox 908 3557 1090 3640; x_wconf 88' lang='lat' dir='ltr'>parrohhiis</span> <span class='ocrx_word' id='word_1_192' title='bbox 1110 3559 1318 3642; x_wconf 85' lang='lat' dir='ltr'>integerrime</span> <span class='ocrx_word' id='word_1_193' title='bbox 1330 3561 1402 3625; x_wconf 88' lang='lat' dir='ltr'>red-</span> 
     </span>
     <span class='ocr_line' id='line_1_28' title="bbox 300 3655 1400 3748; baseline -0.003 -19"><span class='ocrx_word' id='word_1_194' title='bbox 300 3667 526 3747; x_wconf 81' lang='lat' dir='ltr'>integraretur,</span> <span class='ocrx_word' id='word_1_195' title='bbox 541 3660 637 3743; x_wconf 88' lang='lat' dir='ltr'>juxta</span> <span class='ocrx_word' id='word_1_196' title='bbox 651 3658 738 3742; x_wconf 88' lang='lat' dir='ltr'>quod</span> <span class='ocrx_word' id='word_1_197' title='bbox 761 3655 821 3724; x_wconf 69' lang='lat' dir='ltr'>Sis</span> <span class='ocrx_word' id='word_1_198' title='bbox 845 3660 1034 3743; x_wconf 83' lang='lat' dir='ltr'>Gregorius,</span> <span class='ocrx_word' id='word_1_199' title='bbox 1058 3671 1179 3726; x_wconf 74' lang='lat' dir='ltr'>nostrae</span> <span class='ocrx_word' id='word_1_200' title='bbox 1202 3662 1307 3746; x_wconf 90' lang='lat' dir='ltr'>gentis</span> <span class='ocrx_word' id='word_1_201' title='bbox 1325 3685 1400 3748; x_wconf 89' lang='lat' dir='ltr'>apo-</span> 
     </span>
     <span class='ocr_line' id='line_1_29' title="bbox 301 3762 1403 3849; baseline -0.012 -16"><span class='ocrx_word' id='word_1_202' title='bbox 301 3766 404 3833; x_wconf 90' lang='lat' dir='ltr'>stolus</span> <span class='ocrx_word' id='word_1_203' title='bbox 422 3769 456 3828; x_wconf 92' lang='lat' dir='ltr'>et</span> <span class='ocrx_word' id='word_1_204' title='bbox 470 3762 633 3846; x_wconf 84' lang='lat' dir='ltr'>magister,</span> <span class='ocrx_word' id='word_1_205' title='bbox 644 3762 823 3846; x_wconf 86' lang='lat' dir='ltr'>conposuit,</span> <span class='ocrx_word' id='word_1_206' title='bbox 835 3769 869 3827; x_wconf 90' lang='lat' dir='ltr'>et</span> <span class='ocrx_word' id='word_1_207' title='bbox 881 3763 1063 3827; x_wconf 88' lang='lat' dir='ltr'>honorabili</span> <span class='ocrx_word' id='word_1_208' title='bbox 1080 3765 1282 3849; x_wconf 70' lang='lat' dir='ltr'>afoepiscopo</span> <span class='ocrx_word' id='word_1_209' title='bbox 1290 3767 1403 3834; x_wconf 60' lang='lat' dir='ltr'>AEeel.</span> 
     </span>
     <span class='ocr_line' id='line_1_30' title="bbox 300 3865 1402 3951; baseline -0.003 -14"><span class='ocrx_word' id='word_1_210' title='bbox 300 3869 421 3936; x_wconf 87' lang='lat' dir='ltr'>heardo</span> <span class='ocrx_word' id='word_1_211' title='bbox 435 3867 470 3931; x_wconf 90' lang='lat' dir='ltr'>in</span> <span class='ocrx_word' id='word_1_212' title='bbox 488 3865 625 3950; x_wconf 81' lang='lat' dir='ltr'>patriam</span> <span class='ocrx_word' id='word_1_213' title='bbox 639 3865 839 3950; x_wconf 85' lang='lat' dir='ltr'>pervenienti</span> <span class='ocrx_word' id='word_1_214' title='bbox 852 3887 910 3951; x_wconf 92' lang='lat' dir='ltr'>per</span> <span class='ocrx_word' id='word_1_215' title='bbox 924 3865 1034 3931; x_wconf 90' lang='lat' dir='ltr'>omnia</span> <span class='ocrx_word' id='word_1_216' title='bbox 1047 3865 1246 3947; x_wconf 89' lang='lat' dir='ltr'>redderetur,</span> <span class='ocrx_word' id='word_1_217' title='bbox 1255 3877 1289 3933; x_wconf 92' lang='lat' dir='ltr'>et</span> <span class='ocrx_word' id='word_1_218' title='bbox 1298 3870 1402 3934; x_wconf 85' lang='lat' dir='ltr'>Coen-</span> 
     </span>
     <span class='ocr_line' id='line_1_31' title="bbox 301 3968 1404 4054; baseline -0.003 -14"><span class='ocrx_word' id='word_1_219' title='bbox 301 3975 411 4040; x_wconf 81' lang='lat' dir='ltr'>uulfus</span> <span class='ocrx_word' id='word_1_220' title='bbox 439 3991 495 4034; x_wconf 83' lang='lat' dir='ltr'>rex</span> <span class='ocrx_word' id='word_1_221' title='bbox 518 3968 589 4054; x_wconf 90' lang='lat' dir='ltr'>pius</span> <span class='ocrx_word' id='word_1_222' title='bbox 618 3968 818 4032; x_wconf 83' lang='lat' dir='ltr'>Marciorum</span> <span class='ocrx_word' id='word_1_223' title='bbox 835 3969 883 4033; x_wconf 89' lang='lat' dir='ltr'>ita</span> <span class='ocrx_word' id='word_1_224' title='bbox 908 3969 1081 4053; x_wconf 84' lang='lat' dir='ltr'>complevit</span> <span class='ocrx_word' id='word_1_225' title='bbox 1104 3992 1179 4035; x_wconf 90' lang='lat' dir='ltr'>cum</span> <span class='ocrx_word' id='word_1_226' title='bbox 1202 3973 1404 4037; x_wconf 88' lang='lat' dir='ltr'>senatoribus</span> 
     </span>
     <span class='ocr_line' id='line_1_32' title="bbox 301 4070 1408 4154; baseline -0.002 -12"><span class='ocrx_word' id='word_1_227' title='bbox 301 4078 377 4142; x_wconf 89' lang='lat' dir='ltr'>suis.</span> <span class='ocrx_word' id='word_1_228' title='bbox 422 4075 602 4138; x_wconf 85' lang='lat' dir='ltr'>Aunovero</span> <span class='ocrx_word' id='word_1_229' title='bbox 611 4070 791 4136; x_wconf 85' lang='lat' dir='ltr'>Dominicae</span> <span class='ocrx_word' id='word_1_230' title='bbox 800 4071 1031 4136; x_wconf 87' lang='lat' dir='ltr'>incarnationis</span> <span class='ocrx_word' id='word_1_231' title='bbox 1046 4074 1408 4154; x_wconf 82' lang='lat' dir='ltr'>occo⁰111⁰,Indictione</span> 
     </span>
     <span class='ocr_line' id='line_1_33' title="bbox 303 4173 1407 4262; baseline -0.003 -18"><span class='ocrx_word' id='word_1_232' title='bbox 303 4188 360 4259; x_wconf 83' lang='lat'>11⁸,</span> <span class='ocrx_word' id='word_1_233' title='bbox 379 4176 432 4241; x_wconf 90' lang='lat' dir='ltr'>die</span> <span class='ocrx_word' id='word_1_234' title='bbox 450 4181 522 4238; x_wconf 83' lang='lat'>1111·</span> <span class='ocrx_word' id='word_1_235' title='bbox 538 4173 611 4239; x_wconf 92' lang='lat' dir='ltr'>idus</span> <span class='ocrx_word' id='word_1_236' title='bbox 633 4173 794 4252; x_wconf 90' lang='lat' dir='ltr'>Octobris,</span> <span class='ocrx_word' id='word_1_237' title='bbox 817 4174 888 4256; x_wconf 84' lang='lat' dir='ltr'>Ego</span> <span class='ocrx_word' id='word_1_238' title='bbox 905 4173 1140 4240; x_wconf 75' lang='lat' dir='ltr'>AEiielheardus</span> <span class='ocrx_word' id='word_1_239' title='bbox 1163 4177 1311 4262; x_wconf 76' lang='lat' dir='ltr'>aioep‘iisc.</span> <span class='ocrx_word' id='word_1_240' title='bbox 1331 4199 1407 4242; x_wconf 90' lang='lat' dir='ltr'>cum</span> 
     </span>
     <span class='ocr_line' id='line_1_34' title="bbox 302 4274 1409 4364; baseline -0.003 -17"><span class='ocrx_word' id='word_1_241' title='bbox 302 4279 453 4348; x_wconf 89' lang='lat' dir='ltr'>omnibus</span> <span class='ocrx_word' id='word_1_242' title='bbox 472 4297 531 4340; x_wconf 66' lang='grc' dir='ltr'><strong>ιιι.</strong></span> <span class='ocrx_word' id='word_1_243' title='bbox 548 4275 654 4361; x_wconf 74' lang='lat' dir='ltr'>episoo</span> <span class='ocrx_word' id='word_1_244' title='bbox 672 4282 784 4338; x_wconf 89' lang='lat' dir='ltr'>sancto</span> <span class='ocrx_word' id='word_1_245' title='bbox 802 4275 876 4340; x_wconf 88' lang='lat' dir='ltr'>sede</span> <span class='ocrx_word' id='word_1_246' title='bbox 894 4274 980 4342; x_wconf 89' lang='lat' dir='ltr'>beati</span> <span class='ocrx_word' id='word_1_247' title='bbox 997 4276 1152 4360; x_wconf 84' lang='lat' dir='ltr'>Agustini</span> <span class='ocrx_word' id='word_1_248' title='bbox 1172 4278 1337 4362; x_wconf 86' lang='lat' dir='ltr'>subjectis,</span> <span class='ocrx_word' id='word_1_249' title='bbox 1351 4302 1409 4364; x_wconf 91' lang='lat' dir='ltr'>per</span> 
     </span>
     <span class='ocr_line' id='line_1_35' title="bbox 304 4376 1408 4470; baseline 0.002 -25"><span class='ocrx_word' id='word_1_250' title='bbox 304 4381 478 4470; x_wconf 84' lang='lat' dir='ltr'>apostolica</span> <span class='ocrx_word' id='word_1_251' title='bbox 490 4385 650 4462; x_wconf 76' lang='lat' dir='ltr'>praecepta</span> <span class='ocrx_word' id='word_1_252' title='bbox 664 4376 776 4440; x_wconf 88' lang='lat' dir='ltr'>domui</span> <span class='ocrx_word' id='word_1_253' title='bbox 790 4399 880 4461; x_wconf 81' lang='lat' dir='ltr'>papae</span> <span class='ocrx_word' id='word_1_254' title='bbox 895 4379 1024 4458; x_wconf 80' lang='lat' dir='ltr'>Leonis,</span> <span class='ocrx_word' id='word_1_255' title='bbox 1039 4380 1075 4441; x_wconf 93' lang='lat' dir='ltr'>in</span> <span class='ocrx_word' id='word_1_256' title='bbox 1090 4380 1215 4464; x_wconf 83' lang='lat' dir='ltr'>synodo</span> <span class='ocrx_word' id='word_1_257' title='bbox 1229 4381 1284 4464; x_wconf 91' lang='lat' dir='ltr'>qui</span> <span class='ocrx_word' id='word_1_258' title='bbox 1302 4383 1408 4447; x_wconf 85' lang='lat' dir='ltr'>factus</span> 
     </span>
    </p>
   </div>
   <div class='ocr_carea' id='block_1_9' title="bbox 0 0 1628 5125">
    <p class='ocr_par' dir='ltr' id='par_1_10' title="bbox 0 0 1628 5125">
     <span class='ocr_line' id='line_1_36' title="bbox 0 0 1628 5125; baseline 0 0"><span class='ocrx_word' id='word_1_259' title='bbox 0 0 1628 5125; x_wconf 95' lang='lat' dir='ltr'> </span> 
     </span>
    </p>
   </div>
  </div>
 </body>
</html>
