3234 5125
485 450 807 508 MISCELLANEOUS
825 450 1039 507 OHARTERS.
1263 451 1313 504 221

210 619 320 700 situm,
341 630 374 685 et
394 622 562 706 postulasti
586 645 606 686 a
628 624 721 688 nobis
742 632 781 686 ut
802 624 1006 707 privilegium
1031 622 1252 707 episcopomm
1276 619 1315 683 de

211 724 324 787 eodem
353 726 549 791 monasterio
580 726 703 790 lactum
735 734 847 790 nostro
879 725 1056 810 privilegio,
1087 725 1187 787 immo
1216 722 1319 804 magis

212 827 429 910 apostolorum
457 827 612 913 principis
634 828 858 893 roboraremus
884 829 1085 907 auctoritate,
1109 824 1320 891 libentissime

211 930 387 994 secundum
403 939 460 995 tue
474 930 696 996 benevolentis
711 932 902 1015 petitionem
916 930 1061 997 facimus.
1114 929 1319 995 Auctoritate

213 1032 371 1116 siquidem
394 1032 481 1098 beati
505 1034 594 1098 Petri
620 1035 838 1117 apostolomm
863 1034 1027 1119 principis,
1051 1034 1106 1118 qui
1128 1026 1319 1118 potestatem

211 1136 334 1219 ligandi
348 1144 445 1220 atque
462 1136 606 1201 solvendi
621 1159 641 1201 a
655 1137 798 1201 Domino
816 1138 949 1221 accepit,
965 1138 1120 1221 cujusque
1134 1158 1194 1200 nos
1209 1133 1318 1199 vicarii

214 1240 391 1318 existimus,
407 1239 589 1304 stabilimus
605 1245 643 1302 ut
660 1238 728 1322 ipse
745 1240 835 1304 locus
856 1262 979 1323 regum,
995 1239 1152 1323 preceptis
1169 1245 1203 1303 et
1222 1236 1318 1322 privi-

214 1342 308 1426 legiis
325 1342 509 1427 apostolicis
530 1342 642 1421 mlum,
663 1363 721 1426 per
742 1342 852 1406 omnia
872 1350 1019 1426 tempora
1041 1341 1110 1405 sine
1127 1340 1320 1425 repeticione

213 1446 433 1529 cujuscunque
462 1444 649 1509 bondonice
678 1445 768 1509 urbis
796 1444 947 1529 episcopi,
978 1452 1035 1508 aut
1069 1444 1205 1527 alicujus
1232 1441 1319 1526 judi-

216 1547 313 1612 ciarie
328 1548 504 1632 potestatis,
521 1547 571 1611 vel
591 1548 812 1631 cujuscunque
833 1548 1031 1631 prepotentis
1047 1546 1197 1625 hominis,
1214 1546 1320 1629 cujus·

216 1671 342 1733 cunque
365 1650 487 1714 ordinis
510 1649 561 1714 vel
584 1649 751 1734 dignitatis
774 1650 826 1729 sit,
852 1670 987 1733 semper,
1010 1650 1093 1713 sicut
1115 1656 1263 1733 preoptat
1289 1655 1323 1711 et

217 1752 340 1836 expetit
362 1759 420 1815 tua
442 1751 675 1830 benevolentia,
700 1758 791 1815 ratus
820 1752 930 1815 futmo
959 1762 1104 1836 tempore
1126 1760 1320 1835 permaneat.

216 1854 426 1919 venerabiles
454 1853 555 1939 igitur
582 1853 726 1939 ejusdem
754 1854 819 1918 loci
847 1854 963 1919 fratres
982 1854 1123 1940 ydoneos
1152 1875 1189 1918 ex
1219 1875 1253 1917 se
1272 1854 1323 1917 vel

217 1980 257 2023 ex
274 1978 464 2043 quacunque
484 1957 644 2021 voluerint
663 1958 927 2041 congregacione,
946 1958 1078 2021 abbates
1099 1958 1165 2021 sive
1185 1956 1322 2021 decanos

218 2062 281 2127 sibi
302 2083 360 2147 per
384 2062 601 2126 successiones
624 2060 775 2145 eligendi,
801 2082 841 2125 ex
870 2062 1060 2125 auctoritate
1089 2061 1187 2144 hujus
1213 2068 1323 2124 sancte

219 2166 365 2229 Romane
389 2164 472 2228 sedis
498 2170 532 2228 et
554 2170 675 2243 nostra,
699 2164 783 2228 sicut
803 2164 1000 2247 postulastis,
1023 2164 1160 2247 amplius
1185 2162 1324 2227 babeant

220 2274 430 2351 potestatem,
462 2274 496 2331 et
523 2288 565 2330 ne
594 2266 812 2350 impediantur
836 2256 1028 2332 auctoritate
1057 2267 1230 2351 apostolice
1251 2287 1323 2349 pro-

219 2367 377 2445 hibemus,
403 2388 508 2451 nsque
537 2387 593 2451 per
614 2368 802 2431 violentiam
832 2376 984 2433 extrema
1013 2390 1149 2452 persona
1177 2368 1324 2431 introdu-

219 2478 322 2548 catur,
346 2468 409 2532 nisi
429 2491 526 2553 quam
544 2469 649 2534 omnis
670 2490 802 2535 concors
827 2471 1032 2553 congregatio
1055 2470 1199 2554 elegerit.
1248 2471 1325 2533 Pre-

220 2581 308 2637 terea
331 2572 380 2636 illi
397 2573 468 2637 loco
487 2572 638 2655 quicquid
658 2572 843 2652 contuleris,
863 2574 912 2638 vel
930 2574 1083 2638 collatum
1102 2583 1160 2653 est,
1179 2575 1228 2638 vel
1248 2595 1324 2638 eon·

220 2676 352 2754 feretum,
376 2674 485 2738 divina
507 2676 698 2740 auctoritate
721 2683 755 2739 et
783 2683 895 2740 nostra
914 2676 1112 2740 roboramus.
1156 2675 1328 2758 Privilegia

221 2799 296 2843 vcro
327 2777 563 2862 possessionum
597 2786 631 2842 et
663 2778 859 2860 dignitatum
891 2778 1052 2842 karissimi
1084 2779 1192 2842 fratris
1225 2780 1326 2844 nostri

222 2881 410 2946 venerabilis
426 2881 590 2944 Dunstani
604 2881 804 2964 aliommque
816 2881 960 2945 fidelium
975 2880 1096 2945 ibidem
1106 2881 1243 2960 indulta,
1253 2902 1326 2945 nec·

223 3007 288 3049 non
308 2992 343 3049 et
360 2983 526 3068 privilegia
539 2991 647 3048 vestra
668 2983 709 3047 ad
728 2984 885 3048 honorem
905 2983 968 3048 Dei
985 2983 1184 3069 pertinencia
1200 3006 1262 3068 que
1282 2984 1328 3048 ibi

222 3087 393 3152 instituere
415 3086 564 3165 volueris,
582 3086 725 3171 gratanti
747 3087 866 3151 affectu
890 3088 1074 3167 annuimus,
1091 3088 1328 3166 confirmamus,

224 3198 257 3256 et
285 3189 505 3256 confirmando
533 3191 569 3253 iu
598 3197 790 3274 perpetuum
819 3198 891 3253 rata
916 3190 1131 3274 inviolataque
1161 3198 1246 3254 stare
1275 3190 1330 3253 de·

223 3295 396 3373 cernimus,
422 3301 455 3358 et
480 3293 670 3358 infractores
696 3315 807 3358 eorum
834 3301 947 3358 eterna
972 3294 1197 3358 maledictione
1219 3294 1329 3377 damp-

225 3419 340 3462 namus
348 3425 358 3476 ;
381 3397 602 3462 observatores
617 3405 726 3460 autem
740 3397 838 3481 hujus
853 3396 1016 3460 firmitatis
1037 3397 1174 3480 gratim
1189 3404 1222 3460 et
1236 3396 1331 3460 mise-

224 3501 396 3566 ricordiam
418 3499 598 3564 aDomino
619 3499 772 3583 consequi
793 3507 988 3563 mereantur.
1035 3499 1141 3563 Causa
1162 3499 1264 3582 igitur
1280 3499 1331 3562 in·

225 3604 391 3668 fractionis
422 3601 525 3666 nostri
556 3601 715 3686 privilegii
747 3602 788 3666 ad
820 3610 963 3685 posteros
996 3608 1123 3666 nostros
1157 3603 1331 3685 perveniat.

226 3707 350 3770 Datum
379 3707 544 3770 Ravenna
572 3725 618 3769 lx.
644 3704 797 3770 kalendas
828 3704 1003 3768 Febmarii.
1049 3705 1232 3788 Cognoscat
1257 3725 1334 3788 ergo

226 3808 416 3894 magnitudo
439 3830 497 3872 seu
518 3808 643 3873 utilitas
665 3816 771 3873 vestra
796 3829 894 3892 quam
917 3807 1126 3887 decrevimus,
1147 3817 1181 3872 et
1203 3807 1238 3871 in
1262 3827 1332 3891 per-

226 3919 361 3997 petuum
383 3932 572 3975 mansurum
590 3910 744 3995 jubemus
766 3916 865 3993 atque
886 3910 1124 3989 constituimus,
1145 3916 1183 3972 ut
1203 3929 1262 3992 pro
1283 3930 1333 3973 re-

227 4015 375 4080 verencia
389 4013 598 4097 reliquiarum
612 4012 836 4097 gloriosissimi
850 4012 986 4096 apostoli
998 4011 1098 4090 Petri,
1111 4019 1144 4075 et
1153 4031 1211 4095 pro
1227 4010 1335 4094 quiete

227 4117 458 4183 monachorum
480 4115 601 4180 ibidem
623 4116 694 4179 Deo
714 4115 954 4194 famulantium,
976 4115 1081 4178 honor
1103 4121 1136 4177 et
1157 4113 1227 4176 laus
1251 4114 1334 4197 ejus-

228 4220 302 4285 dem
332 4219 465 4284 ecclesie
493 4218 652 4282 habeatur
680 4227 714 4282 ct
737 4218 942 4283 observetur:
975 4218 1009 4280 id
1038 4225 1098 4295 cst,
1128 4224 1167 4280 ut
1192 4217 1337 4301 quisquis

229 4321 450 4406 fugitivorum,
466 4342 524 4405 pro
538 4320 684 4404 quolibet
701 4323 821 4386 scelere
841 4322 881 4386 ad
896 4320 1053 4406 prefatam
1068 4319 1232 4384 basilicam
1251 4321 1337 4384 beati

231 4423 366 4509 apostoli
388 4424 527 4506 fugiens,
545 4423 747 4506 procinctum
771 4426 842 4507 ejus
864 4424 1041 4503 intraverit,
1062 4423 1129 4488 sive
1148 4423 1254 4506 pedes,
1273 4424 1339 4489 sive
