3234 5125
492 459 813 517 MISOELLANEOUS
832 457 1046 516 OHARTERS.
1268 453 1321 508 121

215 641 327 704 vellen
344 639 408 702 wit
421 639 499 702 bem
517 635 557 701 fif
574 637 748 720 solungum
767 633 770 692 l
792 635 843 699 for
861 632 918 698 the
938 635 998 697 live
1018 631 1153 711 sulungs
1167 636 1202 692 at
1217 628 1323 692 Mers-

217 752 251 807 et
284 742 487 807 Mersaham·
514 761 534 822 J
566 762 600 804 se
629 739 750 823 cyning
790 739 885 815 ham;
910 737 974 800 and
990 735 1047 798 the
1064 734 1144 816 king
1160 731 1252 795 made
1267 728 1324 792 the

218 845 301 930 dyde
321 847 380 908 oet
403 844 480 908 land
506 851 539 908 et
564 842 749 907 Mersaham
793 840 870 904 land
897 849 931 904 at
954 837 1122 902 Mersham
1145 836 1216 898 into
1238 832 1322 896 folk-

218 950 287 1012 him
302 957 338 1011 to
352 945 584 1012 folclande5’6s
600 945 654 1010 hie
673 946 750 1008 tem
791 942 880 1020 land,
896 941 989 1004 when
1004 940 1046 1004 he
1060 938 1125 1002 had
1140 935 1325 1018 erchanged

114 1043 122 1054 “
219 1051 352 1116 landum
394 1047 571 1126 ¹iehn’erfed
616 1047 749 1112 hefdsn·
792 1045 850 1108 the
864 1043 967 1121 lands,
977 1049 1089 1125 except
1104 1041 1160 1104 the
1170 1038 1325 1116 marshes,

220 1155 323 1219 butan
337 1156 415 1218 'tem
429 1173 603 1216 merscum·
617 1170 636 1233 ‘J
650 1150 752 1213 butan
794 1148 859 1212 and
884 1154 997 1230 except
1019 1145 1076 1209 the
1096 1144 1275 1207 salt-house
1293 1148 1327 1203 at

219 1259 296 1322 ’tem
312 1255 451 1319 sealtern
467 1263 500 1318 et
515 1253 749 1335 Fefreshsm·]
794 1248 1000 1326 Faversham,
1027 1246 1091 1311 and
1126 1253 1238 1329 except
1269 1243 1326 1307 the

220 1361 321 1424 butan
342 1361 418 1423 bem
439 1358 542 1422 wiods
560 1358 602 1421 be
624 1364 659 1420 to
675 1357 752 1419 ’cem
795 1351 887 1416 wood
913 1350 1019 1415 which
1047 1349 1181 1433 belongs
1206 1355 1241 1411 to
1270 1347 1327 1411 the

223 1464 360 1528 scaltern
374 1461 488 1545 limpo.
772 1526 774 1542 Ι
797 1455 986 1520 salt-house.

329 1919 425 1973 KlNG
444 1917 717 1974 AEPHELBERHT
735 1918 784 1974 OF
801 1917 969 1972 WESSEX.
1006 1916 1222 1973 occoanI.

268 2070 309 2148 ›1‹
326 2067 368 2129 In
390 2065 521 2130 nomine
541 2065 640 2129 'lhino
658 2064 776 2144 divino,
796 2065 880 2148 Regi
900 2065 1050 2149 regnanti
1071 2064 1105 2126 in
1129 2071 1329 2148 perpetuum,

225 2169 366 2234 Domino
380 2170 451 2233 Deo
468 2169 647 2246 Hsabaoth,
659 2167 712 2232 oui
726 2175 841 2252 patent
855 2175 972 2232 cuncta
987 2167 1165 2251 penetralia
1179 2166 1284 2230 cordis
1298 2174 1332 2230 et

225 2274 364 2355 corporis
389 2271 554 2336 terrestria
583 2271 679 2334 simul
708 2278 741 2334 et
771 2270 923 2348 coelestia,
945 2291 1073 2333 necnon
1095 2289 1191 2352 super
1213 2269 1334 2332 aethera

225 2397 362 2458 regnans
391 2375 425 2437 in
454 2374 582 2438 sedibus
611 2373 695 2452 altis,
725 2373 791 2436 ima
819 2380 853 2437 et
887 2373 953 2436 alta
981 2371 1091 2436 omnia
1120 2393 1179 2435 sua
1208 2370 1333 2434 dicione

226 2478 418 2563 gubernans,
429 2479 520 2563 cujus
535 2497 644 2540 amore
659 2485 692 2540 et
707 2476 828 2540 eternis
842 2475 974 2559 premiis
998 2478 1039 2556 ᾧ
1055 2495 1115 2557 ego
1124 2473 1331 2551 Ebelbearht,

226 2603 280 2649 rex
302 2582 558 2646 Occidentalium
577 2582 752 2658 Saxonum,
773 2600 900 2643 necnon
920 2586 954 2643 et
972 2578 1231 2655 cantuariorum,
1251 2576 1334 2640 dabo

226 2694 259 2749 et
285 2684 425 2749 concedo
451 2704 523 2747 meo
552 2682 639 2747 fideli
665 2682 814 2746 ministro
847 2689 881 2745 et
908 2680 1045 2765 principi
1070 2702 1143 2745 meo
1172 2679 1334 2743 Ebelredo

227 2787 366 2871 aliquam
388 2794 511 2870 partem
532 2792 617 2849 terre
639 2786 723 2869 juris
745 2785 819 2863 mei,
842 2784 904 2848 hoc
925 2792 975 2847 est
995 2803 1072 2846 v111.
1093 2792 1199 2846 aratra
1221 2784 1258 2845 in
1279 2782 1336 2845 illa

225 2891 297 2954 loco
314 2888 393 2952 hubi
411 2889 597 2952 nominatur
611 2888 808 2965 Mersaham,
823 2886 859 2949 in
879 2886 1109 2970 sempitemnm
1124 2884 1335 2949 hereditatem

228 2992 288 3055 sibi
307 2991 466 3056 abendum
490 2998 524 3054 et
546 2990 782 3075 possidendum,
805 2989 1004 3072 feliciterque
1023 2989 1058 3051 in
1077 2988 1146 3052 dies
1171 2990 1241 3071 ejus
1262 3008 1334 3071 per-
1464 2993 1467 2999 '

228 3094 409 3174 fruendum,
440 3103 512 3179 post
540 3094 607 3157 dies
639 3094 709 3177 ejus
742 3094 933 3176 cuicumque
961 3092 1014 3157 hei
1042 3092 1152 3156 heredi
1178 3092 1335 3175 placuerit

229 3197 525 3281 derelinquendum,
540 3195 674 3261 liberam
697 3217 753 3280 per
775 3196 884 3260 omnia
900 3196 1018 3259 habeat
1036 3204 1240 3280 potestatem,
1261 3217 1335 3260 cum

230 3300 360 3384 campis,
391 3299 489 3377 silvis,
520 3300 629 3383 pratis,
656 3299 791 3382 pascuis,
823 3298 925 3382 equis,
952 3299 1186 3376 venationibus,
1208 3298 1337 3384 pascuis

230 3425 410 3488 porcorum,
443 3401 602 3486 simulque
627 3402 781 3480 mariscis,
804 3409 838 3465 et
864 3423 939 3465 cum
962 3401 1112 3465 omnibus
1141 3402 1337 3466 utilitatibus

231 3506 293 3571 rite
322 3525 359 3569 ac
385 3514 472 3569 recte
499 3504 540 3567 ad
570 3504 703 3568 eandem
730 3512 849 3568 terram
879 3505 1122 3587 pertinentibus.
1174 3505 1249 3570 Hoc
1275 3504 1337 3569 feci

231 3632 289 3694 pro
318 3611 387 3693 ejus
416 3608 532 3672 humili
560 3605 788 3684 hoboedientia,
820 3607 978 3690 simulque
1006 3628 1064 3691 pro
1093 3609 1162 3692 ejus
1191 3608 1337 3692 placavili

232 3722 328 3797 atque
347 3709 532 3793 conpetenti
552 3709 698 3793 pecunia,
714 3731 812 3792 quam
830 3709 871 3772 ab
892 3731 931 3773 eo
951 3710 1067 3793 accepi,
1083 3711 1145 3774 hoc
1159 3720 1209 3775 eat
1224 3715 1337 3775 ccccm·

232 3836 401 3880 mancusas
424 3814 495 3877 suri
519 3812 693 3897 purissimi.
745 3812 841 3875 Hanc
867 3821 976 3876 antem
999 3822 1119 3878 terram
1139 3798 1338 3898 supranomi-

231 3926 342 3982 natam
366 3924 399 3981 et
420 3916 620 3981 Mersaham.
644 3919 685 3997 ›1‹
699 3936 758 3997 ego
782 3914 981 3980 Ebelbearht
1004 3937 1060 3980 rex
1083 3916 1125 3980 ab
1153 3918 1242 3981 omni
1271 3940 1338 3981 ser·

231 4021 334 4085 vitute
356 4020 457 4103 reguli
479 4018 594 4102 operis,
619 4018 708 4081 intus
730 4028 763 4083 et
782 4018 870 4097 foris,
893 4019 1019 4103 magnis
1041 4042 1076 4083 ac
1095 4021 1239 4100 modicis,
1254 4022 1340 4085 notis

232 4132 266 4187 et
286 4122 419 4206 ignotis,
433 4122 618 4205 perenniter
639 4120 789 4200 liveravo,
808 4122 871 4185 nisi
888 4122 939 4185 hia
956 4131 1083 4187 tantum
1102 4124 1204 4188 tribus
1224 4125 1340 4205 causis,

232 4227 294 4289 hoc
326 4234 386 4304 est,
417 4224 629 4308 expeditione,
659 4232 694 4288 et
729 4225 812 4289 arcis
844 4226 1036 4305 munitione,
1065 4226 1236 4310 pontisque
1265 4250 1340 4293 con·

232 4330 420 4405 structione,
443 4334 478 4391 et
499 4326 580 4391 illud
597 4327 682 4409 foras
702 4327 816 4391 reddat
837 4336 917 4413 quot
938 4329 998 4392 sivi
1020 4329 1109 4391 intus
1125 4328 1264 4394 faciendi
1286 4352 1341 4415 op-

233 4440 333 4518 petat.
378 4433 457 4495 Haec
481 4439 591 4493 autem
613 4439 700 4494 terra
721 4432 946 4515 prenominata
966 4430 1018 4495 his
1037 4430 1214 4496 notissimis
1231 4434 1342 4497 termi-
