3234 5125
286 352 339 405 248
561 348 883 407 MISOELLANEOUS
902 345 1116 403 OHARTERS.

698 543 796 599 KING
813 544 984 601 EADGAR.

662 702 767 745 carra
782 702 826 746 nn
843 682 1025 748 ιοιιιιιιιῑ.

332 839 373 919 ›1‹
388 834 520 900 Christo
548 832 778 899 ortodoxorum
799 822 919 919 vigoris
948 832 1154 900 ecclesiastici
1177 830 1305 898 monitu
1327 852 1395 897 cre-

289 938 427 1003 berrime
443 935 646 1016 instruimur,
660 943 699 1000 ut
712 936 762 1001 illi
775 936 872 1021 opido
889 937 1027 1021 subjecti
1041 935 1277 1021 subpeditalius
1290 935 1394 999 famu·

289 1042 404 1119 lemur,
426 1040 493 1125 qui,
516 1038 620 1104 tocim
648 1037 763 1102 mundi
784 1038 941 1103 fabricam
970 1039 1054 1103 miro
1074 1037 1293 1123 ineffabilique
1315 1035 1396 1101 serie

289 1143 473 1226 disponens,
487 1132 737 1206 microcosmum
751 1140 860 1206 Adam
873 1141 1023 1207 videlicet
1040 1140 1171 1207 tandem
1186 1139 1395 1226 quadriformi

288 1244 483 1328 plasmatum
493 1244 638 1322 materia,
649 1242 733 1306 almo
744 1243 786 1307 ad
800 1244 851 1307 sui
866 1243 1112 1309 similitudinem
1125 1244 1316 1309 instinctum
1331 1242 1395 1326 spi·

290 1346 423 1426 nmine,
435 1346 592 1411 universis
603 1346 712 1431 quein
722 1345 843 1411 infimis
856 1345 1051 1412 formaverat
1060 1368 1127 1411 una
1136 1344 1293 1432 probandi
1301 1366 1398 1411 causa

290 1456 423 1533 excepto
445 1448 611 1533 vetitoque
633 1448 803 1533 proficiens
825 1448 1021 1533 paradisiace
1043 1449 1226 1519 amenitatis
1245 1448 1394 1533 jocundi-

289 1558 368 1630 tate,
383 1550 577 1616 collaterana
596 1553 665 1616 Era
684 1550 807 1615 scilicet
824 1552 951 1632 comite,
968 1551 1191 1617 decentissime
1210 1550 1376 1617 collocavit
1384 1576 1395 1629 ς

291 1653 453 1733 larvarica,
478 1675 537 1738 pro
562 1652 664 1732 dolor,
689 1653 840 1719 seductus
863 1655 1069 1720 cavillscione
1093 1654 1268 1739 versipellis
1296 1653 1394 1718 suasi-

291 1756 430 1840 bilisque
443 1756 713 1839 tergiversacione
725 1756 878 1840 viraginis
893 1758 1047 1841 pellectus
1063 1757 1277 1822 anatheniatis
1292 1756 1397 1840 aloffl'a

292 1857 405 1923 ambro
433 1879 565 1942 pomum
593 1858 769 1924 momordit
791 1860 940 1939 vetitum,
966 1867 1000 1925 et
1025 1860 1087 1925 sibi
1111 1881 1148 1924 ac
1171 1868 1335 1945 posterum
1361 1860 1396 1923 in

291 1962 353 2027 hoc
374 1982 567 2045 erumpnoso
588 1960 732 2046 dejectus
753 1963 863 2027 secido
881 1963 983 2027 letum
1000 1963 1178 2048 promeruit
1195 1968 1394 2049 perpetuum.

292 2064 554 2129 vaticinantibus
575 2064 734 2149 siqnidem
754 2066 921 2150 prophetis
944 2075 977 2131 et
1000 2066 1113 2131 celitus
1138 2066 1268 2150 superni
1297 2064 1395 2148 Regis

292 2169 446 2232 diuturna
466 2167 678 2233 clamdestino
696 2168 851 2253 praesagia
872 2169 1022 2253 dogmate
1043 2168 1276 2253 promentibus,
1294 2166 1396 2232 nitide

292 2268 477 2335 orthodoxis
497 2270 669 2353 orilogium
687 2290 726 2334 ex
740 2270 887 2335 deferens
905 2292 972 2336 non
990 2280 1028 2335 ut
1046 2272 1068 2335 J
1069 2271 1225 2335 udeorum
1244 2268 1395 2335 seditioso

290 2373 419 2453 elingue
435 2371 557 2437 fatetur
573 2373 760 2456 loquacitas,
777 2374 833 2438 sed
853 2374 1031 2458 priscorum
1052 2380 1149 2458 atque
1168 2373 1395 2437 modernorum

291 2475 549 2561 limpidissimam
571 2466 717 2540 ambiens
745 2476 930 2541 facundiam
952 2476 1107 2541 Arrianus
1136 2474 1396 2558 Sabellianasque

251 2625 254 2632 -
290 2578 482 2664 proterendo
507 2579 616 2644 sanias
637 2580 812 2664 anagogico
835 2579 1030 2644 innustm
1053 2579 1185 2659 famine,
1208 2601 1330 2663 nosque
1354 2578 1396 2643 ab

290 2683 399 2748 obtusi
412 2682 545 2747 cecitate
559 2681 771 2746 umbraminis
793 2682 834 2747 ad
848 2703 1020 2766 parvorum
1037 2682 1278 2747 alacrimoniam
1297 2681 1395 2766 patri·

291 2786 473 2850 moniorum
502 2784 660 2848 advocans
685 2785 819 2869 angelus
847 2784 993 2868 supernis
1023 2784 1138 2868 elapsis
1167 2783 1332 2848 liminibus
1361 2782 1396 2846 in

290 2909 401 2952 aurem
422 2887 613 2950 intemerate
627 2886 763 2969 virginis
783 2893 823 2951 ut
845 2886 1029 2969 evangelica
1049 2887 1242 2971 provulgant
1263 2886 1395 2950 samiam

290 2990 448 3073 stupenda
477 2989 630 3052 cecinisse
658 2987 786 3053 videtur
808 2989 962 3055 carmina.
1006 2989 1068 3054 Cui
1092 2989 1240 3055 videlicet
1264 2989 1398 3054 ecclesia

289 3092 447 3157 catholica
475 3111 617 3154 consona
644 3111 722 3155 voce
751 3091 937 3157 altiboando
966 3093 1153 3176 proclamat,
1185 3093 1320 3156 “Beata
1347 3112 1392 3169 es,

290 3193 380 3276 virgo
395 3193 513 3271 Maria,
529 3213 591 3275 que
605 3192 789 3273 credidisti3
813 3193 1020 3278 perficientur
1034 3195 1069 3258 in
1083 3202 1117 3259 te
1132 3216 1195 3278 que
1215 3193 1302 3259 dicta
1317 3201 1394 3258 sunt

291 3295 391 3359 tibia
410 3294 587 3358 Domino.'’
632 3295 758 3360 Mirum
778 3295 868 3361 dictu
885 3297 1073 3362 incarnatur
1089 3298 1223 3362 verbum
1240 3305 1274 3362 et
1289 3296 1395 3362 incor-

290 3405 434 3482 poratur,
444 3395 567 3461 scilicet
580 3397 662 3462 illud
678 3398 794 3483 dequo
808 3400 1005 3484 evangelista
1015 3400 1255 3484 supereminens
1269 3401 1396 3465 univer-

291 3520 402 3564 sorum
416 3498 621 3593 altitudinem
636 3522 767 3565 sensum
780 3502 898 3588 inquit,
912 3507 934 3538 “
946 3503 988 3566 In
997 3503 1156 3587 principio
1170 3511 1240 3568 erat
1250 3503 1396 3583 verbum,
1435 3546 1440 3552 -

291 3609 325 3667 et
348 3601 481 3666 verbum
504 3609 574 3666 erat
597 3603 681 3687 apud
705 3605 823 3684 Deum,
846 3612 879 3668 et
904 3606 995 3669 Deus
1014 3613 1084 3669 erat
1101 3605 1268 3684 verbum,”
1292 3614 1325 3671 et
1347 3627 1396 3670 re·

291 3705 390 3790 liqua
424 3704 511 3770 Quia
524 3705 672 3770 videlicet
686 3714 818 3791 sumpta
833 3705 873 3771 de
887 3707 1013 3791 virgine
1027 3707 1250 3772 incarnacione
1265 3709 1397 3791 antique

292 3807 426 3892 virginis
446 3807 572 3872 facinus
594 3807 748 3888 demitur,
766 3817 800 3874 et
823 3809 949 3873 cunctis
968 3809 1160 3874 mulieribus
1181 3810 1294 3874 nitidis
1316 3832 1396 3894 pras-

291 3911 403 3975 cluens
425 3910 623 3974 taumatibus
643 3910 739 3976 decus
762 3912 934 3995 irrogatur.
980 3913 1109 3976 Intacta
1132 3911 1233 3995 igitur
1249 3912 1396 3977 redolen-

291 4021 382 4078 tente
404 4013 527 4078 Christi
546 4012 724 4092 divinitate,
749 4035 906 4097 passaque
924 4013 1024 4098 ipsius
1042 4013 1245 4079 humanitate
1265 4014 1397 4078 libertas

292 4115 427 4181 addictis
444 4115 635 4180 clementer:
659 4115 736 4179 hinc
755 4137 816 4199 ego
828 4117 943 4199 ‘ndgsr
962 4116 1115 4181 altitrono
1134 4117 1397 4181 amminiculante

324 4243 333 4276 ¹
352 4242 571 4297 Tbisdocument
583 4242 633 4296 has
647 4242 761 4296 reoehed
773 4260 806 4296 us
818 4241 846 4296 in
858 4260 875 4296 a
885 4242 940 4296 lats
951 4243 1005 4298 and
1017 4262 1082 4316 very
1093 4249 1203 4316 corrupt
1209 4243 1287 4299 form.
1321 4243 1395 4298 Both

288 4331 337 4388 tbe
350 4328 432 4384 latin
442 4330 496 4383 and
507 4329 554 4383 the
567 4328 659 4383 Saron
671 4346 715 4383 are
726 4328 756 4382 in
767 4345 849 4401 many
860 4334 935 4401 parts
945 4334 974 4385 to
986 4347 1031 4384 ms
1042 4329 1249 4403 unintelligible.
