3234 5125
480 438 800 496 mscnunsnuous
819 438 1034 496 CHARTERS.
1290 436 1307 498 7

201 610 382 675 senioribus
401 618 436 675 et
456 610 593 676 testibus
607 610 741 690 idoneis,
757 610 922 676 communi
937 632 1096 675 consensu
1110 619 1207 697 etque
1220 621 1304 678 truc·

200 722 284 792 tcto,
300 713 438 778 firmiter
467 720 564 797 atque
587 714 882 779 inmarcessibiliter
903 714 940 778 iu
959 722 1119 780 ueternum
1140 716 1210 780 fore
1228 734 1304 781 con·

200 815 312 896 stituo,
328 816 436 897 idest,
452 827 490 881 ut
504 816 649 881 omnium
664 816 822 882 fiscslium
843 838 881 883 sc
899 818 1092 883 seculsrinm
1105 837 1224 898 rerum
1239 818 1305 884 sius

198 938 335 1003 operum
363 918 429 984 sive
454 919 647 998 tributuum,
673 927 706 984 et
735 927 927 985 cunctorum
954 920 1171 1005 negotiorum,
1188 942 1247 986 ssu
1268 920 1305 985 in

200 1022 327 1105 mugnis
349 1042 407 1087 seu
429 1021 464 1085 in
487 1022 631 1100 modicis,
658 1042 716 1107 per
738 1044 835 1087 omns
859 1013 993 1088 modum
1017 1024 1241 1089 universaliter
1262 1024 1306 1088 sit

201 1124 312 1205 libera,
328 1125 404 1209 quis
425 1124 488 1189 Dei
502 1125 673 1210 singularis
690 1124 861 1189 haereditas
876 1134 937 1205 est,
953 1135 987 1191 et
1001 1125 1193 1210 pontificalis
1206 1124 1305 1191 officii

200 1228 296 1291 sedis.
342 1229 393 1293 De
418 1228 567 1293 omnibus
587 1248 713 1313 quoque
731 1228 817 1292 curis
839 1235 874 1292 et
894 1228 1221 1308 cessissemusne,
1241 1228 1305 1293 fide

200 1330 359 1395 catholica
386 1339 420 1395 et
448 1339 536 1395 recto
565 1330 757 1415 baptismate
785 1339 1019 1415 perseverante,
1048 1332 1112 1397 boc
1139 1331 1305 1397 decretum

200 1434 385 1512 statuimus,
400 1442 438 1499 ut
460 1433 500 1498 sb
520 1433 679 1498 universis
700 1432 960 1517 gravitudinibus
979 1442 1013 1497 et
1031 1434 1224 1499 secularium
1245 1433 1304 1498 bo·

201 1538 328 1601 minum
353 1536 537 1601 turbinibus
566 1536 635 1602 hsce
664 1536 776 1601 eadem
798 1536 952 1614 aecdssis,
973 1556 1049 1600 cum
1071 1544 1142 1600 tots
1162 1544 1305 1601 terrast

200 1640 397 1724 possessione
418 1639 514 1718 illius,
537 1660 662 1723 semper
682 1637 838 1702 immunis
858 1645 892 1701 et
914 1657 1026 1702 secure
1047 1646 1243 1722 permsnest,
1266 1644 1305 1701 ut

200 1742 267 1808 illie
292 1742 510 1807 inhabitantes
535 1762 616 1826 pura
638 1748 672 1805 et
695 1739 802 1805 sobrio
825 1760 864 1803 sc
893 1740 1019 1804 sinoem
1040 1748 1151 1804 mente
1174 1739 1305 1803 leudem

201 1844 337 1910 Domini
359 1846 566 1923 celebrantes,
580 1854 614 1909 et
630 1843 734 1927 legem
750 1843 820 1928 ejus
836 1842 1008 1926 diligenter
1027 1849 1098 1907 tots
1114 1842 1207 1928 plebe
1223 1862 1305 1926 prm·
1386 1852 1389 1857 '

199 1946 355 2027 dicantes,
379 1948 448 2013 sine
476 1946 707 2031 impedimento
733 1946 804 2011 Deo
828 1945 946 2010 servire
969 1944 1108 2010 valeant
1155 1945 1193 2009 Si
1214 1945 1303 2009 enim

202 2052 317 2135 aliquis
335 2072 551 2116 successorum
571 2058 768 2128 nostrorum,
783 2050 927 2133 maligna
939 2049 1053 2113 fraude
1066 2048 1254 2128 instructus,
1270 2055 1304 2113 et

201 2155 316 2238 spiritu
338 2154 522 2239 cupiditatis
544 2152 680 2231 illectus,
699 2152 760 2216 hoc
781 2151 957 2236 inbingere
979 2172 1075 2219 susus
1095 2152 1204 2231 fuerit,
1223 2152 1305 2217 scint

202 2276 236 2321 se
261 2258 297 2320 in
321 2255 439 2321 inferni
460 2254 624 2340 suppliciis
646 2254 892 2338 suspiraturum,
915 2262 949 2319 ct
970 2254 1006 2318 in
1026 2254 1141 2319 iaculis
1161 2254 1304 2319 tartarus

200 2369 429 2440 crematurum,
441 2368 474 2425 ct
488 2360 608 2443 absque
619 2358 686 2423 nllo
700 2358 842 2423 remedio
856 2358 926 2422 sine
940 2356 1005 2423 tine
1018 2359 1225 2441 ejideturum.
1267 2356 1304 2420 Si

202 2464 274 2549 quis
296 2486 371 2529 vero
390 2464 459 2529 hoec
480 2463 516 2527 in
535 2463 621 2527 bons
643 2469 733 2547 parte
754 2482 872 2546 augere
893 2462 1141 2527 misericorditer
1160 2482 1218 2546 pro
1240 2460 1304 2526 Dei

201 2569 333 2632 nomine
358 2567 505 2646 voluerit,
530 2575 645 2650 augeat
668 2565 873 2650 omnipotens
895 2565 1056 2630 Dominus
1084 2565 1170 2630 bons
1192 2563 1303 2648 ipsius,

200 2671 268 2734 sire
289 2669 324 2732 in
345 2670 407 2735 hoc
424 2669 540 2734 saeculo
559 2668 677 2733 sivein
695 2668 816 2746 fumi-0,
834 2667 1067 2750 centupliciter,
1086 2674 1119 2731 et
1137 2687 1213 2731 cum
1232 2687 1302 2730 om-

202 2773 297 2838 nibus
311 2774 430 2837 sanctis
444 2773 543 2837 vitam
559 2778 721 2836 mereatur
737 2775 893 2834 aeternsm
907 2768 1061 2833 faeliciter.
1108 2768 1239 2853 Scripta
1253 2775 1304 2832 est

202 2885 310 2941 sutem
336 2876 404 2940 haec
429 2875 553 2940 cartule
575 2872 672 2958 hujus
692 2871 861 2957 privilegii,
885 2869 1105 2936 consentiente
1128 2879 1162 2935 et
1187 2871 1303 2934 confir·

204 2986 314 3044 macte
346 2978 523 3043 Laurentio
558 2973 826 3059 archiepisccp0¹,
860 2973 958 3038 simul
993 2993 1069 3056 rege
1103 2969 1303 3038 Merciorum

202 3081 375 3158 Wlfhcrio,
390 3079 513 3145 ceteris
535 3077 671 3162 petricia
688 3083 848 3162 potestate
866 3075 1009 3161 preditis
1022 3075 1304 3140 corroborantibus

203 3195 237 3250 et
252 3182 526 3249 subscribentibus
541 3201 627 3246 anno
641 3178 824 3245 Dominicae
834 3177 1065 3244 incsmstionis
1080 3196 1221 3242 ocum.

404 3675 682 3734 *AROHBISIIOP
700 3672 915 3728 THEODORE.
951 3669 1127 3727 ncnnx.

247 3829 415 3912 Regnante
443 3827 478 3890 in
508 3831 697 3909 perpetuum
726 3821 797 3886 Deo
827 3825 860 3883 ct
890 3818 1032 3883 Domino
1061 3823 1172 3880 nostro
1201 3813 1304 3877 lbcsu

203 3931 345 4009 Christo,
362 3931 417 4014 qui
432 3927 575 3994 coelestia
589 3925 686 3992 simul
701 3933 734 3989 et
749 3921 913 3988 terrestria
925 3918 1059 4004 imperio
1069 3917 1176 3982 Petris
1187 3921 1305 3979 cuncta

204 4055 275 4119 quse
291 4032 401 4097 Sancti
425 4031 565 4116 Spiritus
587 4027 691 4114 gratia
708 4027 743 4090 in
761 4025 912 4111 aequitste
926 4021 1078 4106 disponit.
1123 4020 1233 4101 Atque
1248 4037 1304 4100 per

202 4136 347 4222 ejusdem
375 4135 438 4200 Dei
466 4130 781 4218 praedestinationem
809 4126 872 4191 hoc
901 4123 1043 4210 synodus
1072 4125 1303 4204 congregatum

203 4239 308 4303 iuerat
328 4236 363 4300 in
382 4235 454 4300 loco
468 4233 674 4300 celeberrimo
687 4229 744 4295 ubi
758 4228 945 4294 nominetur
960 4223 1112 4302 Hedifeld,
1129 4241 1214 4284 snno
1229 4239 1304 4283 vero

334 4405 339 4433 ¹
361 4397 522 4454 Laurentius
534 4397 575 4452 ob.
588 4397 648 4452 ccl.
685 4394 824 4450 'lbeodorc
836 4409 892 4447 was
901 4387 1061 4459 erchbishop
1073 4385 1101 4439 in
1112 4384 1173 4438 671.
