3234 5125
315 420 367 503 isa
590 416 911 473 urscmmrvnous
930 414 1143 473 enarrans.

316 610 373 672 per
390 611 468 672 quas
486 590 574 653 inter
590 610 698 653 servos
715 588 778 653 Dei
796 587 948 653 scaudala
967 594 1101 672 possunt
1121 585 1210 664 oriri,
1224 592 1264 648 ut
1278 584 1420 667 quietam

318 700 352 755 et
380 692 592 775 tranquillam
617 692 718 756 vitam
748 711 883 773 agamus
908 690 942 752 ln
972 689 1107 753 caritate
1137 688 1281 751 Domini.
1333 686 1421 753 Qua·

320 802 451 877 propter
474 793 601 858 noverit
625 793 771 856 omnium
795 790 952 857 catholice
976 791 1128 856 ecclesie·
1142 790 1302 855 cultorum
1325 810 1421 872 gene-

320 895 396 959 ralis
433 894 635 974 universitas,
672 894 758 979 qnod
795 894 933 987 domnus
969 893 1221 978 gloriosissimus
1255 892 1422 975 Eadgarus

321 998 502 1079 Anglorum
525 1018 593 1075 rex,
614 996 723 1060 divino
746 997 919 1061 irradiatus
938 996 1072 1077 lumine,
1094 996 1246 1080 religiosa
1268 995 1423 1078 petitione

320 1094 516 1159 humilitatis
530 1103 650 1160 nostrae
667 1096 904 1160 extremitatem
919 1096 1076 1180 poposcit,
1092 1102 1223 1180 propter
1239 1094 1422 1178 trequentes

324 1198 556 1262 monachorum
578 1206 612 1261 et
634 1198 823 1263 clericorum
846 1198 1092 1276 simultationes,
1115 1206 1153 1261 ut
1178 1204 1212 1262 et
1233 1217 1293 1260 nos
1318 1204 1352 1260 et
1373 1216 1424 1259 ca·

322 1302 512 1365 noricorum
541 1310 727 1365 nostrorum
757 1301 938 1365 communis
966 1300 1153 1365 maternitas
1182 1297 1363 1363 securitatis
1392 1306 1425 1361 et

322 1403 658 1472 incommutabilitatis
694 1402 899 1486 privilegium
936 1403 1114 1481 ederemus,
1150 1424 1209 1487 pro
1245 1400 1427 1465 reverencia

323 1505 443 1569 summi
463 1505 680 1589 apostolorum
700 1506 854 1590 principis
871 1506 971 1584 Petri,
993 1505 1033 1569 ad
1051 1506 1215 1570 basilicam
1234 1503 1336 1595 ipsius
1356 1523 1426 1585 quae

324 1607 443 1671 dicitur
456 1608 792 1686 westmonasterium,
807 1607 864 1671 ubi
878 1608 1024 1691 reliquiae
1037 1608 1139 1692 ipsius
1154 1608 1312 1671 virtutum
1329 1605 1426 1669 mira-

325 1709 407 1772 culis
428 1716 607 1786 coruscant,
629 1730 825 1792 quamquam
845 1709 950 1773 multo
968 1718 1043 1774 ante
1060 1731 1120 1774 nos
1138 1717 1293 1793 tempore,
1313 1708 1427 1772 beatiss

326 1816 409 1894 papa
426 1811 603 1894 Gregorius
620 1811 661 1874 de
680 1811 792 1875 eadem
803 1832 846 1875 ¹re
864 1812 1060 1877 sentenciam
1075 1812 1197 1891 tulerit,
1215 1811 1324 1875 dicens
1343 1810 1429 1873 inter

326 1913 399 1991 alia,
429 1913 691 1977 “Interdicimus
713 1913 750 1976 in
778 1913 909 1978 nomine
940 1914 1073 1978 Domini
1099 1914 1201 1978 Jhesu
1228 1913 1359 1990 Christi,
1390 1933 1429 1975 ex

327 2016 502 2080 autoritate
522 2016 609 2079 beati
626 2016 716 2080 Petri
734 2016 953 2099 apostolorum
971 2016 1134 2100 principis,
1156 2018 1248 2101 cujus
1268 2016 1336 2081 vice
1354 2014 1431 2079 huic

330 2117 481 2181 aeoelesiae
504 2118 714 2202 presidemus,
738 2125 776 2181 ut
802 2119 912 2182 nullus
932 2119 1154 2203 episcoporum
1172 2121 1222 2183 vel
1240 2118 1432 2184 secularium

329 2221 467 2284 ulterius
488 2230 653 2305 presumat
676 2222 716 2285 de
736 2222 925 2301 redditibus,
948 2222 1054 2301 rebus,
1077 2223 1127 2286 vel
1150 2223 1250 2286 kartis
1271 2229 1432 2287 monaste-

329 2319 463 2397 riorum,
478 2321 529 2384 vel
545 2320 798 2403 privilegiisque
817 2319 857 2383 ad
875 2341 913 2384 ea
931 2321 1105 2404 pertinent,
1121 2342 1324 2405 quocumque
1337 2319 1433 2384 modo

331 2442 387 2485 seu
405 2421 549 2504 qualibet
568 2422 744 2500 occasimre,
762 2422 812 2486 vel
831 2422 920 2486 dolos
937 2424 987 2487 vel
1008 2423 1212 2487 inmissiones
1233 2422 1354 2499 facere3
1377 2420 1432 2485 sed

330 2522 362 2586 si·
372 2545 436 2606 qua
448 2524 533 2589 forte
548 2525 673 2589 occasio
690 2525 776 2588 inter
787 2546 828 2590 ca
842 2526 993 2604 evenerit,
1010 2532 1042 2589 et
1059 2526 1190 2608 pacifice
1207 2547 1273 2590 non
1292 2524 1434 2610 potnerit

205 2676 208 2683 .
330 2627 482 2706 ordinari,
500 2628 585 2711 apud
599 2629 718 2693 electos
733 2628 864 2692 abbates
880 2636 913 2693 et
926 2628 1006 2692 alios
1025 2637 1132 2712 patres
1149 2629 1301 2692 timentes
1314 2628 1433 2704 Deum,
1544 2607 1551 2616 ⁸

331 2730 401 2795 sine
420 2730 601 2794 voluntaria
618 2731 781 2810 dilatione,
798 2730 913 2795 mediis
933 2731 1143 2795 sacrosanctis
1163 2730 1346 2814 evangeliis,
1363 2729 1434 2791 lini-

331 2833 438 2896 atur.''
495 2833 581 2896 Item
600 2840 802 2917 postpauca,
823 2832 974 2896 “Missas
997 2854 1124 2916 quoque
1141 2834 1286 2917 publicas
1306 2832 1346 2896 ab
1370 2831 1435 2915 epi-

333 2936 437 3018 scopis
453 2935 490 2998 in
507 2934 663 3000 ooenobiis
680 2935 750 2998 fieri
770 2935 904 2999 omnino
923 2935 1141 3018 prohibemus,
1157 2957 1198 2999 ne
1217 2935 1254 2998 in
1271 2955 1435 2998 servorum

334 3037 398 3101 Dei
422 3037 598 3101 recessibus
621 3045 655 3100 et
677 3057 791 3101 eorum
809 3036 1019 3120 receptaculis
1036 3037 1103 3100 ulla
1119 3037 1290 3121 prebeatur
1312 3035 1436 3101 occasio

335 3146 515 3202 conventus
536 3137 587 3201 vel
608 3137 783 3201 mulierum
804 3139 862 3202 fiat
882 3159 985 3202 novus
1008 3138 1172 3217 introitus,
1196 3138 1283 3222 quod
1305 3138 1437 3202 omnino

335 3260 403 3303 non
424 3238 552 3322 expedit
574 3239 744 3303 animabus
765 3259 887 3306 eorum.
931 3241 1003 3306 Nec
1027 3241 1166 3304 audeaut
1185 3241 1231 3305 ibi
1251 3241 1436 3305 cathedram

336 3341 502 3419 collocare,
528 3340 579 3406 vel
601 3341 778 3424 quamlibet
798 3348 992 3424 potestatem
1021 3342 1141 3407 habere
1166 3342 1354 3426 imperandi,
1377 3362 1439 3406 nec

337 3444 477 3526 aliquam
505 3443 753 3522 ordinationem,
784 3445 929 3527 quamvis
961 3445 1167 3523 levissimam,
1196 3444 1344 3524 faciendi,
1375 3444 1438 3507 nisi

337 3545 378 3610 ab
394 3546 510 3610 abbate
527 3546 647 3610 fuerint
663 3546 778 3630 rogati,
797 3546 951 3630 quatinus
970 3546 1120 3611 monachi
1140 3567 1266 3645 semper
1287 3552 1439 3610 maneant

337 3648 373 3711 in
403 3646 557 3711 abbatum
586 3669 718 3712 suorum
741 3649 933 3733 potestate.’'
982 3649 1075 3714 Idem
1097 3649 1161 3714 alio
1182 3649 1274 3714 loco:
1303 3650 1441 3713 “Grave

338 3749 435 3814 nimis
450 3757 484 3812 et
497 3757 611 3813 contra
625 3750 821 3816 sacerdotale
836 3757 964 3816 constat
978 3771 1045 3815 esse
1059 3752 1270 3835 propositum,
1286 3753 1441 3837 cujusque

338 3851 526 3916 monasterii
545 3850 711 3935 privilegia
730 3851 809 3915 olim
830 3852 956 3916 indulta
975 3853 1181 3933 conlimdere,
1203 3854 1295 3918 etad
1313 3855 1442 3919 irritum

338 3961 512 4038 quaesunt
537 3973 596 4036 pro
620 3954 727 4036 quiete
757 3953 913 4038 disposita
941 3955 1003 4018 niti
1027 3954 1216 4020 deducere.”
1262 3959 1348 4022 Item
1374 3958 1442 4021 Leo

338 4077 419 4140 papa
441 4055 610 4119 Marciano
631 4058 799 4138 Augusto:
832 4057 1036 4141 “Privilegia
1056 4060 1327 4123 monasteriorum
1350 4081 1442 4122 sano-

338 4169 447 4225 tornm
461 4167 591 4243 patrum
606 4159 798 4224 auctoritate
818 4161 969 4224 instituta
983 4161 1073 4225 nulla
1086 4170 1222 4246 possunt
1236 4163 1444 4246 improbitate

340 4261 486 4341 convelli,
501 4261 592 4325 nulla
608 4262 753 4326 novitate
772 4263 925 4328 mutari.''
979 4265 1064 4329 Item
1084 4285 1123 4328 ex
1143 4263 1279 4330 decretis
1295 4266 1446 4329 Anacleti

339 4387 449 4449 papae:
482 4363 684 4445 “Privilegia
711 4366 980 4429 monasteriorum
1010 4368 1200 4432 intemerata
1229 4376 1262 4431 et
1291 4368 1446 4433 inviolata
