3234 5125
525 428 846 488 MISOELLANEOUS
865 435 1077 494 cHARTERs.
1283 441 1337 494 305

229 617 313 660 enne
335 597 482 683 princeps
505 602 590 684 regis
612 602 725 686 [dono]
749 624 807 687 pro
821 606 943 671 viribus
958 629 1124 672 assensum
1139 608 1266 692 proebeo
1282 612 1335 692 ᾧ.

126 726 129 733 ·
229 701 273 764 Et
288 722 348 783 ego
363 702 527 767 llbrrlrillus
545 704 611 767 dux
626 705 767 770 concedo
783 710 835 790 qs.
881 710 980 773 Facta
994 719 1043 774 est
1058 716 1168 775 autem
1182 710 1246 775 ista
1260 732 1336 774 con·

228 804 330 868 cessio
345 826 431 869 anno
446 806 627 872 Dominicoe
642 808 873 874 incarnationis
888 812 1059 878 millesimo
1073 835 1172 879 xv111.

563 1263 692 1319 *KING
711 1265 821 1320 ONUT.
858 1266 1006 1321 mxvm.
1120 1306 1124 1313 .

270 1388 310 1477 ξ
333 1400 375 1463 In
396 1400 527 1465 nomine
549 1401 725 1467 Poliarchis
746 1404 845 1467 Ihesu
863 1404 996 1483 Christi,
1017 1404 1192 1469 Salvatoris
1216 1406 1331 1471 mundi

225 1505 393 1589 tociusque
414 1511 559 1569 creature
574 1507 746 1585 Creatoris,
762 1509 855 1591 eujus
877 1507 985 1571 divino
1000 1507 1180 1571 dominatui
1196 1530 1329 1592 quaeque

225 1606 464 1672 dominaciones
483 1608 593 1672 debito
615 1609 748 1673 servicio
762 1610 897 1674 subnixe
912 1610 1107 1689 deserviunt,
1123 1612 1214 1694 cujus
1230 1612 1328 1675 etiam

225 1710 497 1795 omnipotentatui
521 1711 665 1775 universi
686 1720 872 1796 potentatus
898 1712 1112 1777 obsecundari
1133 1715 1329 1778 examussim

225 1823 462 1897 preproperant,
476 1815 552 1898 quia
559 1815 687 1879 bonitas
699 1815 768 1899 ejus
778 1815 905 1881 bonitas
921 1824 970 1881 est
984 1816 1327 1900 incomprehensibilis,

224 1924 257 1979 ct
287 1917 456 1981 miseracio
483 1917 743 1997 interminabilis,
768 1917 933 2001 dapsilitas
961 1918 1117 1983 bonitatis
1146 1918 1328 2000 ineffabilis,

223 2019 451 2103 longanimitas
475 2041 603 2104 quoque
627 2041 723 2104 super
747 2042 919 2104 pravorum
947 2020 1112 2105 nequicias
1135 2023 1327 2105 quantitatis

223 2122 406 2205 prolixitate
431 2123 603 2207 cujuslibet
625 2123 760 2207 longior,
776 2123 832 2207 qui
853 2124 1024 2188 cotidianis
1049 2123 1327 2190 admonicionibus

222 2225 406 2309 religiosam
429 2227 708 2291 conversacionem
730 2226 884 2290 ducentes
906 2234 1027 2307 monet,
1043 2238 1081 2292 ut
1103 2227 1155 2313 pie
1175 2229 1327 2292 sectando

218 2328 359 2412 justiciae
383 2330 542 2393 mdtirram
566 2351 633 2393 non
659 2351 729 2393 eam
750 2329 925 2395 deserendo
941 2332 1102 2415 linquant,
1118 2332 1198 2419 quin
1215 2332 1326 2415 pocius

222 2430 443 2512 perseverabili
454 2431 614 2495 instancia
628 2432 662 2496 in
678 2433 747 2516 ejus
763 2432 901 2510 cultura,
916 2439 955 2496 ut
968 2442 1177 2517 permaneant
1192 2442 1326 2517 patemo

222 2532 338 2598 affectu
363 2533 521 2614 hortatur,-
546 2534 603 2619 qui
628 2534 838 2600 nihilominus
863 2535 975 2601 eadem
1002 2536 1170 2602 affectione
1192 2537 1326 2602 mandet

221 2637 442 2721 peccatoribus
460 2647 497 2702 ut
511 2639 703 2723 resipiscant
725 2660 745 2702 a
763 2639 831 2702 suis
851 2638 1077 2722 iniquitatibus
1091 2647 1326 2718 convertentes,

221 2741 297 2824 quia
316 2762 427 2805 eorum
448 2750 614 2806 execratur
633 2748 781 2805 mortem.
821 2742 904 2825 Ejus
922 2742 1040 2807 amoris
1057 2742 1190 2806 stimulo
1209 2750 1242 2806 et
1263 2742 1326 2807 fide

221 2843 381 2923 suffirltus,
405 2845 497 2928 cujus
519 2845 667 2928 largiflua
691 2844 912 2924 miseracione,
937 2867 997 2928 ego
1023 2847 1112 2911 Cnut
1134 2866 1191 2910 rex
1219 2845 1324 2910 tocius

220 2946 368 3011 Albionis
383 2947 486 3028 insule
497 2949 696 3032 aliarumque
710 2948 883 3012 nacionum
898 2948 1110 3031 plurimarum
1125 2948 1160 3012 in
1174 2947 1327 3012 cathedra

219 3051 320 3133 regali
342 3059 520 3135 promotus,
541 3074 615 3116 cum
639 3051 773 3116 consilio
796 3059 830 3115 et
854 3051 981 3116 decreto
1005 3051 1324 3141 archiepiscoporum,

219 3153 450 3238 episcoporum,
474 3154 637 3233 abbatum,
658 3155 826 3233 comitum,
842 3153 1042 3238 aliorumque
1065 3154 1211 3218 omnium
1237 3175 1325 3218 meo-

219 3277 292 3319 rum
318 3256 472 3335 fidelium,
495 3256 578 3340 elegi
601 3257 811 3320 sanciendum
837 3265 933 3340 atque
956 3256 1080 3340 perpeti
1103 3252 1324 3348 stabilimento

219 3360 260 3425 ab
283 3359 433 3424 omnibus
453 3360 718 3438 confirmandum,
734 3367 772 3423 ut
786 3358 1018 3423 monasterium
1036 3358 1123 3443 quod
1139 3349 1325 3424 Beadrices·

220 3465 343 3527 wurthe
357 3471 563 3547 nuncupatur
577 3463 620 3527 sit
630 3483 792 3547 peromne
806 3483 911 3526 aevum
926 3461 1157 3526 monachorum
1172 3461 1324 3546 gregibus

219 3566 407 3650 deputatum
419 3565 459 3630 ad
471 3565 728 3644 inhabitandum,
738 3573 772 3629 et
782 3565 824 3630 ab
838 3564 928 3629 omni
942 3563 1162 3629 dominatione
1177 3563 1322 3654 omnium

218 3669 440 3754 episcoporum
476 3671 648 3734 comitatus
676 3668 764 3733 illius
796 3669 943 3733 funditus
972 3667 1122 3746 liberum,
1152 3675 1191 3732 ut
1218 3667 1255 3732 in
1283 3689 1322 3732 eo

218 3774 361 3838 Domino
382 3774 557 3838 servientes
579 3773 729 3838 monaehi
751 3773 821 3836 sine
842 3772 909 3836 ulla
923 3770 1147 3854 inquietudine
1161 3791 1220 3854 pro
1234 3779 1323 3834 statu

218 3878 310 3962 regni
333 3878 512 3942 Dominum
544 3875 741 3962 praevaleant
768 3874 901 3958 precari.
955 3872 1083 3936 Placuit
1112 3872 1211 3936 etiam
1239 3873 1322 3935 mihi

217 3980 300 4044 hanc
315 3981 455 4064 optionis
470 3978 660 4044 electionem
672 3978 822 4043 roborare
833 3975 998 4060 privilegio
1012 3976 1076 4039 isto
1090 3974 1126 4038 in
1140 3996 1204 4058 quo
1214 3973 1321 4039 videre

216 4084 353 4168 praecepi
375 4083 533 4148 libertatis
559 4081 690 4159 donum,
715 4079 801 4162 quod
826 4080 894 4162 jam
925 4078 1004 4142 olim
1030 4076 1240 4143 Eadmundus
1263 4097 1320 4142 rex

216 4186 473 4251 occidentalium
490 4188 653 4250 Saxonum
679 4181 814 4265 largitus
836 4190 886 4247 est
900 4203 960 4245 suo
981 4181 1145 4265 equivoco,
1160 4201 1219 4264 pro
1238 4201 1320 4244 nan-

216 4289 365 4354 ciscenda
389 4289 459 4372 ejus
483 4287 589 4370 gracia
612 4305 631 4367 *J
657 4285 803 4350 mercede
826 4293 948 4363 eterna,
972 4283 1103 4360 scilicet,
1127 4281 1321 4347 Eadmundo

215 4393 283 4474 regi
305 4401 339 4456 et
359 4389 504 4475 martyri,
521 4389 605 4473 quod
629 4389 713 4454 bone
728 4388 904 4466 voluntatis
926 4395 1001 4452 voto
1021 4407 1138 4469 augere
1162 4387 1319 4469 cupimus,

1124 4511 1144 4552 Χ
1233 4537 1238 4545 .
