<?xml version="1.0" encoding="UTF-8"?>
<!DOCTYPE html PUBLIC "-//W3C//DTD XHTML 1.0 Transitional//EN"
    "http://www.w3.org/TR/xhtml1/DTD/xhtml1-transitional.dtd">
<html xmlns="http://www.w3.org/1999/xhtml" xml:lang="en" lang="en">
 <head>
  <title>
</title>
<meta http-equiv="Content-Type" content="text/html;charset=utf-8" />
  <meta name='ocr-system' content='tesseract 3.04.00' />
  <meta name='ocr-capabilities' content='ocr_page ocr_carea ocr_par ocr_line ocrx_word'/>
</head>
<body>
  <div class='ocr_page' id='page_1' title='image "./diplomatariuman02thorgoog_0135.png"; bbox 0 0 3234 5125; ppageno 0'>
   <div class='ocr_carea' id='block_1_1' title="bbox 501 447 1331 506">
    <p class='ocr_par' dir='ltr' id='par_1_1' title="bbox 501 447 1331 506">
     <span class='ocr_line' id='line_1_1' title="bbox 501 447 1331 506; baseline 0 -4"><span class='ocrx_word' id='word_1_1' title='bbox 501 447 822 503; x_wconf 77' lang='lat' dir='ltr'><strong>MISGELLANEOUS</strong></span> <span class='ocrx_word' id='word_1_2' title='bbox 841 448 1054 506; x_wconf 63' lang='lat' dir='ltr'><strong>chenruus.</strong></span> <span class='ocrx_word' id='word_1_3' title='bbox 1296 453 1331 502; x_wconf 78' lang='lat'><strong>93</strong></span> 
     </span>
    </p>
   </div>
   <div class='ocr_carea' id='block_1_2' title="bbox 226 616 1336 2765">
    <p class='ocr_par' dir='ltr' id='par_1_2' title="bbox 226 616 1333 1817">
     <span class='ocr_line' id='line_1_2' title="bbox 226 616 1328 702; baseline 0 -20"><span class='ocrx_word' id='word_1_4' title='bbox 226 627 328 682; x_wconf 75' lang='lat' dir='ltr'><strong>evum.</strong></span> <span class='ocrx_word' id='word_1_5' title='bbox 374 617 522 700; x_wconf 80' lang='lat' dir='ltr'>Insuper,</span> <span class='ocrx_word' id='word_1_6' title='bbox 538 616 573 680; x_wconf 95' lang='lat' dir='ltr'><strong>in</strong></span> <span class='ocrx_word' id='word_1_7' title='bbox 589 617 652 682; x_wconf 93' lang='lat' dir='ltr'><strong>Dei</strong></span> <span class='ocrx_word' id='word_1_8' title='bbox 666 618 897 702; x_wconf 87' lang='lat' dir='ltr'><strong>omnipotentis</strong></span> <span class='ocrx_word' id='word_1_9' title='bbox 912 618 1055 699; x_wconf 89' lang='lat' dir='ltr'><strong>nomine,</strong></span> <span class='ocrx_word' id='word_1_10' title='bbox 1066 627 1100 684; x_wconf 90' lang='lat' dir='ltr'><strong>et</strong></span> <span class='ocrx_word' id='word_1_11' title='bbox 1114 640 1230 684; x_wconf 86' lang='lat' dir='ltr'><strong>novem</strong></span> <span class='ocrx_word' id='word_1_12' title='bbox 1243 618 1328 684; x_wconf 87' lang='lat' dir='ltr'><strong>ordi·</strong></span> 
     </span>
     <span class='ocr_line' id='line_1_3' title="bbox 226 719 1331 807; baseline 0.006 -26"><span class='ocrx_word' id='word_1_13' title='bbox 226 719 321 783; x_wconf 90' lang='lat' dir='ltr'><strong>nibus</strong></span> <span class='ocrx_word' id='word_1_14' title='bbox 344 719 542 803; x_wconf 82' lang='lat' dir='ltr'><strong>angelorum,</strong></span> <span class='ocrx_word' id='word_1_15' title='bbox 565 727 598 784; x_wconf 91' lang='lat' dir='ltr'><strong>et</strong></span> <span class='ocrx_word' id='word_1_16' title='bbox 617 720 763 785; x_wconf 89' lang='lat' dir='ltr'><strong>omnium</strong></span> <span class='ocrx_word' id='word_1_17' title='bbox 786 721 961 786; x_wconf 87' lang='lat' dir='ltr'><strong>electorum</strong></span> <span class='ocrx_word' id='word_1_18' title='bbox 984 723 1116 802; x_wconf 77' lang='lat' dir='ltr'><strong>Christi,</strong></span> <span class='ocrx_word' id='word_1_19' title='bbox 1136 730 1331 807; x_wconf 73' lang='lat' dir='ltr'><strong>preceptum</strong></span> 
     </span>
     <span class='ocr_line' id='line_1_4' title="bbox 226 822 1330 910; baseline 0.005 -25"><span class='ocrx_word' id='word_1_20' title='bbox 226 822 386 906; x_wconf 87' lang='lat' dir='ltr'><strong>ponimus,</strong></span> <span class='ocrx_word' id='word_1_21' title='bbox 410 828 448 886; x_wconf 89' lang='lat' dir='ltr'><strong>ut</strong></span> <span class='ocrx_word' id='word_1_22' title='bbox 469 823 578 886; x_wconf 91' lang='lat' dir='ltr'><strong>nullus</strong></span> <span class='ocrx_word' id='word_1_23' title='bbox 603 845 747 908; x_wconf 89' lang='lat' dir='ltr'><strong>unquam</strong></span> <span class='ocrx_word' id='word_1_24' title='bbox 769 846 884 909; x_wconf 83' lang='lat' dir='ltr'><strong>regum</strong></span> <span class='ocrx_word' id='word_1_25' title='bbox 905 825 956 890; x_wconf 86' lang='lat' dir='ltr'><strong>vel</strong></span> <span class='ocrx_word' id='word_1_26' title='bbox 978 827 1172 910; x_wconf 85' lang='lat' dir='ltr'><strong>principum,</strong></span> <span class='ocrx_word' id='word_1_27' title='bbox 1195 833 1251 891; x_wconf 88' lang='lat' dir='ltr'><strong>aut</strong></span> <span class='ocrx_word' id='word_1_28' title='bbox 1273 825 1330 890; x_wconf 87' lang='lat' dir='ltr'><strong>ali-</strong></span> 
     </span>
     <span class='ocr_line' id='line_1_5' title="bbox 226 925 1332 1013; baseline 0.002 -23"><span class='ocrx_word' id='word_1_29' title='bbox 226 925 317 1010; x_wconf 85' lang='lat' dir='ltr'><strong>cujus</strong></span> <span class='ocrx_word' id='word_1_30' title='bbox 331 926 477 1011; x_wconf 85' lang='lat' dir='ltr'><strong>personis</strong></span> <span class='ocrx_word' id='word_1_31' title='bbox 495 927 603 1005; x_wconf 93' lang='lat' dir='ltr'><strong>homo,</strong></span> <span class='ocrx_word' id='word_1_32' title='bbox 620 927 745 1012; x_wconf 83' lang='lat' dir='ltr'><strong>magnis</strong></span> <span class='ocrx_word' id='word_1_33' title='bbox 765 927 832 992; x_wconf 82' lang='lat' dir='ltr'><strong>sive</strong></span> <span class='ocrx_word' id='word_1_34' title='bbox 852 928 998 1006; x_wconf 88' lang='lat' dir='ltr'><strong>modicis,</strong></span> <span class='ocrx_word' id='word_1_35' title='bbox 1013 929 1049 992; x_wconf 91' lang='lat' dir='ltr'><strong>in</strong></span> <span class='ocrx_word' id='word_1_36' title='bbox 1063 929 1171 1012; x_wconf 87' lang='lat' dir='ltr'><strong>aliquo</strong></span> <span class='ocrx_word' id='word_1_37' title='bbox 1185 937 1332 1013; x_wconf 90' lang='lat' dir='ltr'><strong>tempore</strong></span> 
     </span>
     <span class='ocr_line' id='line_1_6' title="bbox 227 1029 1333 1115; baseline 0.002 -23"><span class='ocrx_word' id='word_1_38' title='bbox 227 1029 310 1094; x_wconf 87' lang='lat' dir='ltr'><strong>hanc</strong></span> <span class='ocrx_word' id='word_1_39' title='bbox 324 1029 544 1114; x_wconf 78' lang='lat' dir='ltr'><strong>praescriptam</strong></span> <span class='ocrx_word' id='word_1_40' title='bbox 565 1029 723 1095; x_wconf 79' lang='lat' dir='ltr'><strong>libertatis</strong></span> <span class='ocrx_word' id='word_1_41' title='bbox 742 1031 882 1114; x_wconf 85' lang='lat' dir='ltr'><strong>gratiam</strong></span> <span class='ocrx_word' id='word_1_42' title='bbox 899 1030 1077 1115; x_wconf 75' lang='lat' dir='ltr'><strong>infringere</strong></span> <span class='ocrx_word' id='word_1_43' title='bbox 1091 1053 1189 1094; x_wconf 89' lang='lat' dir='ltr'><strong>ausus</strong></span> <span class='ocrx_word' id='word_1_44' title='bbox 1204 1031 1258 1110; x_wconf 87' lang='lat' dir='ltr'><strong>sit,</strong></span> <span class='ocrx_word' id='word_1_45' title='bbox 1275 1031 1333 1094; x_wconf 84' lang='lat' dir='ltr'><strong>sed</strong></span> 
     </span>
     <span class='ocr_line' id='line_1_7' title="bbox 227 1132 1330 1217; baseline 0.001 -21"><span class='ocrx_word' id='word_1_46' title='bbox 227 1153 352 1216; x_wconf 85' lang='lat' dir='ltr'><strong>semper</strong></span> <span class='ocrx_word' id='word_1_47' title='bbox 366 1132 490 1196; x_wconf 88' lang='lat' dir='ltr'><strong>stabilis</strong></span> <span class='ocrx_word' id='word_1_48' title='bbox 507 1141 541 1197; x_wconf 92' lang='lat' dir='ltr'><strong>et</strong></span> <span class='ocrx_word' id='word_1_49' title='bbox 560 1133 754 1197; x_wconf 87' lang='lat' dir='ltr'><strong>indisscussa</strong></span> <span class='ocrx_word' id='word_1_50' title='bbox 772 1133 972 1217; x_wconf 86' lang='lat' dir='ltr'><strong>firmiterque</strong></span> <span class='ocrx_word' id='word_1_51' title='bbox 986 1134 1116 1198; x_wconf 87' lang='lat' dir='ltr'><strong>firmata</strong></span> <span class='ocrx_word' id='word_1_52' title='bbox 1128 1133 1183 1197; x_wconf 90' lang='lat' dir='ltr'><strong>illc</strong></span> <span class='ocrx_word' id='word_1_53' title='bbox 1197 1154 1330 1217; x_wconf 81' lang='lat' dir='ltr'><strong>congre·</strong></span> 
     </span>
     <span class='ocr_line' id='line_1_8' title="bbox 227 1235 1332 1320; baseline -0.001 -21"><span class='ocrx_word' id='word_1_54' title='bbox 227 1235 357 1320; x_wconf 84' lang='lat' dir='ltr'><strong>gatione</strong></span> <span class='ocrx_word' id='word_1_55' title='bbox 379 1257 422 1300; x_wconf 92' lang='lat' dir='ltr'><strong>on</strong></span> <span class='ocrx_word' id='word_1_56' title='bbox 440 1235 622 1314; x_wconf 77' lang='lat' dir='ltr'><strong>Breoduue,</strong></span> <span class='ocrx_word' id='word_1_57' title='bbox 642 1258 750 1302; x_wconf 88' lang='lat' dir='ltr'><strong>coram</strong></span> <span class='ocrx_word' id='word_1_58' title='bbox 771 1237 843 1301; x_wconf 93' lang='lat' dir='ltr'><strong>Deo</strong></span> <span class='ocrx_word' id='word_1_59' title='bbox 864 1243 898 1300; x_wconf 90' lang='lat' dir='ltr'><strong>et</strong></span> <span class='ocrx_word' id='word_1_60' title='bbox 918 1235 1103 1300; x_wconf 90' lang='lat' dir='ltr'><strong>hominibus</strong></span> <span class='ocrx_word' id='word_1_61' title='bbox 1120 1235 1244 1320; x_wconf 82' lang='lat' dir='ltr'><strong>jugiter</strong></span> <span class='ocrx_word' id='word_1_62' title='bbox 1261 1256 1332 1319; x_wconf 90' lang='lat' dir='ltr'><strong>per·</strong></span> 
     </span>
     <span class='ocr_line' id='line_1_9' title="bbox 227 1338 1332 1404; baseline 0.002 -3"><span class='ocrx_word' id='word_1_63' title='bbox 227 1345 355 1403; x_wconf 89' lang='lat' dir='ltr'><strong>maneat</strong></span> <span class='ocrx_word' id='word_1_64' title='bbox 380 1338 416 1402; x_wconf 94' lang='lat' dir='ltr'><strong>in</strong></span> <span class='ocrx_word' id='word_1_65' title='bbox 439 1360 544 1404; x_wconf 85' lang='lat' dir='ltr'><strong>evum.</strong></span> <span class='ocrx_word' id='word_1_66' title='bbox 599 1339 690 1404; x_wconf 85' lang='lat' dir='ltr'><strong>Haec</strong></span> <span class='ocrx_word' id='word_1_67' title='bbox 712 1347 821 1404; x_wconf 86' lang='lat' dir='ltr'><strong>autem</strong></span> <span class='ocrx_word' id='word_1_68' title='bbox 844 1340 970 1404; x_wconf 86' lang='lat' dir='ltr'><strong>cartula</strong></span> <span class='ocrx_word' id='word_1_69' title='bbox 998 1347 1148 1403; x_wconf 78' lang='lat' dir='ltr'><strong>caraxata</strong></span> <span class='ocrx_word' id='word_1_70' title='bbox 1170 1346 1221 1402; x_wconf 90' lang='lat' dir='ltr'><strong>est</strong></span> <span class='ocrx_word' id='word_1_71' title='bbox 1246 1360 1332 1403; x_wconf 88' lang='lat' dir='ltr'><strong>anno</strong></span> 
     </span>
     <span class='ocr_line' id='line_1_10' title="bbox 228 1441 1331 1519; baseline -0.001 -13"><span class='ocrx_word' id='word_1_72' title='bbox 228 1442 395 1506; x_wconf 90' lang='lat' dir='ltr'><strong>Dominice</strong></span> <span class='ocrx_word' id='word_1_73' title='bbox 417 1443 647 1507; x_wconf 79' lang='lat' dir='ltr'><strong>incarnationis</strong></span> <span class='ocrx_word' id='word_1_74' title='bbox 666 1450 829 1508; x_wconf 77' lang='lat' dir='ltr'><strong>ncco⁰xnn</strong></span> <span class='ocrx_word' id='word_1_75' title='bbox 847 1442 1031 1506; x_wconf 87' lang='lat' dir='ltr'><strong>Indictione</strong></span> <span class='ocrx_word' id='word_1_76' title='bbox 1049 1462 1132 1519; x_wconf 74' lang='lat'><strong>1111,</strong></span> <span class='ocrx_word' id='word_1_77' title='bbox 1150 1441 1186 1505; x_wconf 90' lang='lat' dir='ltr'><strong>in</strong></span> <span class='ocrx_word' id='word_1_78' title='bbox 1203 1441 1255 1505; x_wconf 89' lang='lat' dir='ltr'><strong>die</strong></span> <span class='ocrx_word' id='word_1_79' title='bbox 1274 1462 1331 1505; x_wconf 85' lang='lat' dir='ltr'><strong>na·</strong></span> 
     </span>
     <span class='ocr_line' id='line_1_11' title="bbox 228 1543 1332 1624; baseline -0.002 -16"><span class='ocrx_word' id='word_1_80' title='bbox 228 1545 302 1609; x_wconf 80' lang='lat' dir='ltr'><strong>talis</strong></span> <span class='ocrx_word' id='word_1_81' title='bbox 330 1546 476 1624; x_wconf 90' lang='lat' dir='ltr'><strong>Domini,</strong></span> <span class='ocrx_word' id='word_1_82' title='bbox 499 1546 535 1610; x_wconf 93' lang='lat' dir='ltr'><strong>in</strong></span> <span class='ocrx_word' id='word_1_83' title='bbox 556 1545 681 1611; x_wconf 85' lang='lat' dir='ltr'><strong>celebre</strong></span> <span class='ocrx_word' id='word_1_84' title='bbox 701 1546 773 1611; x_wconf 83' lang='lat' dir='ltr'><strong>rico</strong></span> <span class='ocrx_word' id='word_1_85' title='bbox 795 1567 839 1610; x_wconf 91' lang='lat' dir='ltr'><strong>on</strong></span> <span class='ocrx_word' id='word_1_86' title='bbox 860 1543 1091 1623; x_wconf 62' lang='lat' dir='ltr'><strong>Tomcwor&#39;bic,</strong></span> <span class='ocrx_word' id='word_1_87' title='bbox 1114 1543 1165 1607; x_wconf 87' lang='lat' dir='ltr'><strong>bis</strong></span> <span class='ocrx_word' id='word_1_88' title='bbox 1194 1544 1332 1608; x_wconf 87' lang='lat' dir='ltr'><strong>testibus</strong></span> 
     </span>
     <span class='ocr_line' id='line_1_12' title="bbox 228 1646 1332 1733; baseline -0.001 -21"><span class='ocrx_word' id='word_1_89' title='bbox 228 1648 502 1713; x_wconf 82' lang='lat' dir='ltr'><strong>consentientibus</strong></span> <span class='ocrx_word' id='word_1_90' title='bbox 517 1657 551 1714; x_wconf 90' lang='lat' dir='ltr'><strong>et</strong></span> <span class='ocrx_word' id='word_1_91' title='bbox 566 1649 695 1733; x_wconf 86' lang='lat' dir='ltr'><strong>signum</strong></span> <span class='ocrx_word' id='word_1_92' title='bbox 709 1649 813 1714; x_wconf 89' lang='lat' dir='ltr'><strong>crucis</strong></span> <span class='ocrx_word' id='word_1_93' title='bbox 826 1647 948 1713; x_wconf 80' lang='lat' dir='ltr'><strong>Christi</strong></span> <span class='ocrx_word' id='word_1_94' title='bbox 959 1646 1185 1725; x_wconf 78' lang='lat' dir='ltr'><strong>scribentibus,</strong></span> <span class='ocrx_word' id='word_1_95' title='bbox 1195 1668 1332 1731; x_wconf 91' lang='lat' dir='ltr'><strong>quorum</strong></span> 
     </span>
     <span class='ocr_line' id='line_1_13' title="bbox 228 1753 715 1817; baseline 0.004 -2"><span class='ocrx_word' id='word_1_96' title='bbox 228 1753 339 1816; x_wconf 81' lang='lat' dir='ltr'><strong>subter</strong></span> <span class='ocrx_word' id='word_1_97' title='bbox 353 1753 486 1817; x_wconf 84' lang='lat' dir='ltr'><strong>nomina</strong></span> <span class='ocrx_word' id='word_1_98' title='bbox 500 1760 614 1816; x_wconf 87' lang='lat' dir='ltr'><strong>notata</strong></span> <span class='ocrx_word' id='word_1_99' title='bbox 628 1759 715 1817; x_wconf 86' lang='lat' dir='ltr'><strong>sunt.</strong></span> 
     </span>
    </p>

    <p class='ocr_par' dir='ltr' id='par_1_3' title="bbox 228 1853 1336 2765">
     <span class='ocr_line' id='line_1_14' title="bbox 273 1853 1333 1939; baseline -0.003 -19"><span class='ocrx_word' id='word_1_100' title='bbox 273 1855 400 1939; x_wconf 47' lang='lat' dir='ltr'><strong>&amp;Ego</strong></span> <span class='ocrx_word' id='word_1_101' title='bbox 422 1854 607 1933; x_wconf 83' lang='lat' dir='ltr'><strong>Berhtuulf,</strong></span> <span class='ocrx_word' id='word_1_102' title='bbox 630 1854 778 1938; x_wconf 86' lang='lat' dir='ltr'><strong>largiflua</strong></span> <span class='ocrx_word' id='word_1_103' title='bbox 801 1853 864 1918; x_wconf 90' lang='lat' dir='ltr'><strong>Dei</strong></span> <span class='ocrx_word' id='word_1_104' title='bbox 893 1853 1115 1918; x_wconf 88' lang='lat' dir='ltr'><strong>munificentia</strong></span> <span class='ocrx_word' id='word_1_105' title='bbox 1135 1874 1191 1917; x_wconf 81' lang='lat' dir='ltr'><strong>rex</strong></span> <span class='ocrx_word' id='word_1_106' title='bbox 1213 1853 1333 1917; x_wconf 86' lang='lat' dir='ltr'><strong>Merci-</strong></span> 
     </span>
     <span class='ocr_line' id='line_1_15' title="bbox 228 1955 1334 2041; baseline -0.005 -18"><span class='ocrx_word' id='word_1_107' title='bbox 228 1980 331 2036; x_wconf 88' lang='lat' dir='ltr'><strong>orum,</strong></span> <span class='ocrx_word' id='word_1_108' title='bbox 347 1958 431 2023; x_wconf 85' lang='lat' dir='ltr'><strong>hanc</strong></span> <span class='ocrx_word' id='word_1_109' title='bbox 451 1979 557 2022; x_wconf 87' lang='lat' dir='ltr'><strong>meam</strong></span> <span class='ocrx_word' id='word_1_110' title='bbox 578 1957 738 2022; x_wconf 88' lang='lat' dir='ltr'><strong>libertatis</strong></span> <span class='ocrx_word' id='word_1_111' title='bbox 760 1957 897 2041; x_wconf 84' lang='lat' dir='ltr'><strong>gratiam</strong></span> <span class='ocrx_word' id='word_1_112' title='bbox 912 1977 950 2020; x_wconf 87' lang='lat' dir='ltr'><strong>ac</strong></span> <span class='ocrx_word' id='word_1_113' title='bbox 964 1955 1111 2021; x_wconf 90' lang='lat' dir='ltr'><strong>o&#39;mnium</strong></span> <span class='ocrx_word' id='word_1_114' title='bbox 1133 1955 1334 2020; x_wconf 78' lang='lat' dir='ltr'><strong>Marciorum</strong></span> 
     </span>
     <span class='ocr_line' id='line_1_16' title="bbox 228 2059 1336 2145; baseline -0.004 -19"><span class='ocrx_word' id='word_1_115' title='bbox 228 2083 303 2126; x_wconf 90' lang='lat' dir='ltr'><strong>cnm</strong></span> <span class='ocrx_word' id='word_1_116' title='bbox 321 2061 413 2145; x_wconf 81' lang='lat' dir='ltr'><strong>signo</strong></span> <span class='ocrx_word' id='word_1_117' title='bbox 433 2069 542 2126; x_wconf 87' lang='lat' dir='ltr'><strong>sancte</strong></span> <span class='ocrx_word' id='word_1_118' title='bbox 562 2060 667 2126; x_wconf 88' lang='lat' dir='ltr'><strong>crucis</strong></span> <span class='ocrx_word' id='word_1_119' title='bbox 686 2060 824 2124; x_wconf 88' lang='lat' dir='ltr'><strong>firmiter</strong></span> <span class='ocrx_word' id='word_1_120' title='bbox 842 2059 1048 2143; x_wconf 83' lang='lat' dir='ltr'><strong>consignabo.</strong></span> <span class='ocrx_word' id='word_1_121' title='bbox 1118 2062 1158 2141; x_wconf 76' lang='lat'><strong>›1‹</strong></span> <span class='ocrx_word' id='word_1_122' title='bbox 1174 2060 1246 2142; x_wconf 82' lang='lat' dir='ltr'><strong>Ego</strong></span> <span class='ocrx_word' id='word_1_123' title='bbox 1269 2060 1336 2122; x_wconf 85' lang='lat' dir='ltr'><strong>Soe·</strong></span> 
     </span>
     <span class='ocr_line' id='line_1_17' title="bbox 229 2161 1334 2250; baseline -0.007 -18"><span class='ocrx_word' id='word_1_124' title='bbox 229 2167 313 2250; x_wconf 65' lang='lat' dir='ltr'><strong>brya</strong></span> <span class='ocrx_word' id='word_1_125' title='bbox 336 2165 448 2248; x_wconf 82' lang='lat' dir='ltr'><strong>regina</strong></span> <span class='ocrx_word' id='word_1_126' title='bbox 471 2164 619 2229; x_wconf 86' lang='lat' dir='ltr'><strong>consensi</strong></span> <span class='ocrx_word' id='word_1_127' title='bbox 639 2171 672 2228; x_wconf 89' lang='lat' dir='ltr'><strong>et</strong></span> <span class='ocrx_word' id='word_1_128' title='bbox 690 2163 874 2247; x_wconf 83' lang='lat' dir='ltr'><strong>subscripsi</strong></span> <span class='ocrx_word' id='word_1_129' title='bbox 933 2165 973 2244; x_wconf 76' lang='lat'><strong>›1‹</strong></span> <span class='ocrx_word' id='word_1_130' title='bbox 989 2162 1061 2244; x_wconf 80' lang='lat' dir='ltr'><strong>Ego</strong></span> <span class='ocrx_word' id='word_1_131' title='bbox 1083 2161 1247 2246; x_wconf 74' lang='lat' dir='ltr'><strong>Cyneferb</strong></span> <span class='ocrx_word' id='word_1_132' title='bbox 1268 2162 1334 2244; x_wconf 91' lang='lat' dir='ltr'><strong>epi·</strong></span> 
     </span>
     <span class='ocr_line' id='line_1_18' title="bbox 229 2264 1335 2351; baseline -0.005 -19"><span class='ocrx_word' id='word_1_133' title='bbox 229 2289 342 2351; x_wconf 86' lang='lat' dir='ltr'><strong>scopus</strong></span> <span class='ocrx_word' id='word_1_134' title='bbox 356 2267 513 2332; x_wconf 85' lang='lat' dir='ltr'><strong>consensi.</strong></span> <span class='ocrx_word' id='word_1_135' title='bbox 547 2268 588 2350; x_wconf 69' lang='lat'><strong>›1‹</strong></span> <span class='ocrx_word' id='word_1_136' title='bbox 605 2268 677 2350; x_wconf 85' lang='lat' dir='ltr'><strong>Ego</strong></span> <span class='ocrx_word' id='word_1_137' title='bbox 691 2266 814 2330; x_wconf 85' lang='lat' dir='ltr'><strong>Aldred</strong></span> <span class='ocrx_word' id='word_1_138' title='bbox 828 2264 995 2349; x_wconf 85' lang='lat' dir='ltr'><strong>episeopus</strong></span> <span class='ocrx_word' id='word_1_139' title='bbox 1010 2265 1168 2328; x_wconf 87' lang='lat' dir='ltr'><strong>consensi.</strong></span> <span class='ocrx_word' id='word_1_140' title='bbox 1208 2265 1247 2346; x_wconf 72' lang='lat'><strong>›1‹</strong></span> <span class='ocrx_word' id='word_1_141' title='bbox 1264 2265 1335 2346; x_wconf 83' lang='lat' dir='ltr'><strong>Ego</strong></span> 
     </span>
     <span class='ocr_line' id='line_1_19' title="bbox 231 2367 1336 2454; baseline -0.006 -19"><span class='ocrx_word' id='word_1_142' title='bbox 231 2370 408 2435; x_wconf 89' lang='lat' dir='ltr'><strong>Berehtred</strong></span> <span class='ocrx_word' id='word_1_143' title='bbox 428 2370 596 2454; x_wconf 85' lang='lat' dir='ltr'><strong>episcopus</strong></span> <span class='ocrx_word' id='word_1_144' title='bbox 619 2370 774 2434; x_wconf 71' lang='lat' dir='ltr'><strong>(casensi.</strong></span> <span class='ocrx_word' id='word_1_145' title='bbox 829 2372 869 2451; x_wconf 77' lang='lat'><strong>›1‹</strong></span> <span class='ocrx_word' id='word_1_146' title='bbox 885 2371 956 2452; x_wconf 79' lang='lat' dir='ltr'><strong>ligo</strong></span> <span class='ocrx_word' id='word_1_147' title='bbox 980 2367 1148 2432; x_wconf 86' lang='lat' dir='ltr'><strong>Heaberht</strong></span> <span class='ocrx_word' id='word_1_148' title='bbox 1170 2368 1336 2451; x_wconf 87' lang='lat' dir='ltr'><strong>episcopus</strong></span> 
     </span>
     <span class='ocr_line' id='line_1_20' title="bbox 230 2471 1336 2558; baseline -0.005 -19"><span class='ocrx_word' id='word_1_149' title='bbox 230 2474 385 2539; x_wconf 88' lang='lat' dir='ltr'><strong>consensi.</strong></span> <span class='ocrx_word' id='word_1_150' title='bbox 431 2478 472 2557; x_wconf 69' lang='lat'><strong>»1⁴</strong></span> <span class='ocrx_word' id='word_1_151' title='bbox 488 2475 559 2558; x_wconf 83' lang='lat' dir='ltr'><strong>Ego</strong></span> <span class='ocrx_word' id='word_1_152' title='bbox 571 2473 720 2539; x_wconf 76' lang='lat' dir='ltr'><strong>Ououulf</strong></span> <span class='ocrx_word' id='word_1_153' title='bbox 729 2473 897 2556; x_wconf 85' lang='lat' dir='ltr'><strong>episcopus</strong></span> <span class='ocrx_word' id='word_1_154' title='bbox 905 2471 1063 2536; x_wconf 85' lang='lat' dir='ltr'><strong>consensi.</strong></span> <span class='ocrx_word' id='word_1_155' title='bbox 1110 2472 1150 2553; x_wconf 62' lang='grc' dir='ltr'><strong>ιζ·</strong></span> <span class='ocrx_word' id='word_1_156' title='bbox 1166 2473 1237 2553; x_wconf 82' lang='lat' dir='ltr'><strong>Ego</strong></span> <span class='ocrx_word' id='word_1_157' title='bbox 1249 2471 1336 2535; x_wconf 84' lang='lat' dir='ltr'><strong>Ean·</strong></span> 
     </span>
     <span class='ocr_line' id='line_1_21' title="bbox 231 2573 1334 2659; baseline -0.004 -18"><span class='ocrx_word' id='word_1_158' title='bbox 231 2577 331 2641; x_wconf 88' lang='lat' dir='ltr'><strong>mund</strong></span> <span class='ocrx_word' id='word_1_159' title='bbox 361 2577 460 2641; x_wconf 86' lang='lat' dir='ltr'><strong>abbas</strong></span> <span class='ocrx_word' id='word_1_160' title='bbox 490 2577 646 2642; x_wconf 81' lang='lat' dir='ltr'><strong>consensi</strong></span> <span class='ocrx_word' id='word_1_161' title='bbox 708 2580 748 2659; x_wconf 76' lang='lat'><strong>›1‹</strong></span> <span class='ocrx_word' id='word_1_162' title='bbox 765 2577 837 2659; x_wconf 81' lang='lat' dir='ltr'><strong>Ego</strong></span> <span class='ocrx_word' id='word_1_163' title='bbox 865 2574 1018 2638; x_wconf 85' lang='lat' dir='ltr'><strong>Wibtred</strong></span> <span class='ocrx_word' id='word_1_164' title='bbox 1047 2573 1146 2637; x_wconf 86' lang='lat' dir='ltr'><strong>abbas</strong></span> <span class='ocrx_word' id='word_1_165' title='bbox 1175 2573 1334 2638; x_wconf 88' lang='lat' dir='ltr'><strong>consensi.</strong></span> 
     </span>
     <span class='ocr_line' id='line_1_22' title="bbox 235 2678 798 2765; baseline -0.011 -18"><span class='ocrx_word' id='word_1_166' title='bbox 235 2682 274 2763; x_wconf 71' lang='lat'><strong>›1-</strong></span> <span class='ocrx_word' id='word_1_167' title='bbox 290 2682 361 2765; x_wconf 85' lang='lat' dir='ltr'><strong>Ego</strong></span> <span class='ocrx_word' id='word_1_168' title='bbox 376 2680 512 2746; x_wconf 85' lang='lat' dir='ltr'><strong>Ceolred</strong></span> <span class='ocrx_word' id='word_1_169' title='bbox 527 2679 625 2745; x_wconf 86' lang='lat' dir='ltr'><strong>abbas</strong></span> <span class='ocrx_word' id='word_1_170' title='bbox 640 2678 798 2744; x_wconf 88' lang='lat' dir='ltr'><strong>consensi.</strong></span> 
     </span>
    </p>
   </div>
   <div class='ocr_carea' id='block_1_3' title="bbox 277 3022 1210 3087">
    <p class='ocr_par' dir='ltr' id='par_1_4' title="bbox 277 3022 1210 3087">
     <span class='ocr_line' id='line_1_23' title="bbox 277 3022 1210 3087; baseline -0.01 -1"><span class='ocrx_word' id='word_1_171' title='bbox 277 3039 281 3045; x_wconf 87' lang='grc'><strong><em>’</em></strong></span> <span class='ocrx_word' id='word_1_172' title='bbox 357 3030 453 3086; x_wconf 88' lang='lat' dir='ltr'>KING</span> <span class='ocrx_word' id='word_1_173' title='bbox 472 3027 718 3087; x_wconf 81' lang='lat' dir='ltr'>BERHTWULF</span> <span class='ocrx_word' id='word_1_174' title='bbox 735 3026 784 3082; x_wconf 74' lang='grc' dir='ltr'><strong>ΟΡ</strong></span> <span class='ocrx_word' id='word_1_175' title='bbox 802 3025 962 3082; x_wconf 83' lang='lat' dir='ltr'><strong>MEROIA.</strong></span> <span class='ocrx_word' id='word_1_176' title='bbox 998 3022 1210 3081; x_wconf 76' lang='lat' dir='ltr'><strong>Decuxuv.</strong></span> 
     </span>
    </p>
   </div>
   <div class='ocr_carea' id='block_1_4' title="bbox 234 3168 1410 4503">
    <p class='ocr_par' dir='ltr' id='par_1_5' title="bbox 234 3168 1410 4503">
     <span class='ocr_line' id='line_1_24' title="bbox 243 3168 1337 3263; baseline -0.012 -18"><span class='ocrx_word' id='word_1_177' title='bbox 243 3222 248 3231; x_wconf 91' lang='lat'><strong>·</strong></span> <span class='ocrx_word' id='word_1_178' title='bbox 279 3182 448 3263; x_wconf 85' lang='lat' dir='ltr'><strong>Regnante</strong></span> <span class='ocrx_word' id='word_1_179' title='bbox 477 3179 513 3242; x_wconf 93' lang='lat' dir='ltr'><strong>in</strong></span> <span class='ocrx_word' id='word_1_180' title='bbox 541 3185 731 3263; x_wconf 87' lang='lat' dir='ltr'><strong>perpetuum</strong></span> <span class='ocrx_word' id='word_1_181' title='bbox 761 3174 904 3239; x_wconf 89' lang='lat' dir='ltr'><strong>Domino</strong></span> <span class='ocrx_word' id='word_1_182' title='bbox 932 3172 1045 3237; x_wconf 86' lang='lat' dir='ltr'><strong>nostro</strong></span> <span class='ocrx_word' id='word_1_183' title='bbox 1069 3170 1172 3236; x_wconf 86' lang='lat' dir='ltr'><strong>Jhesu</strong></span> <span class='ocrx_word' id='word_1_184' title='bbox 1196 3168 1337 3235; x_wconf 85' lang='lat' dir='ltr'><strong>Christo.</strong></span> 
     </span>
     <span class='ocr_line' id='line_1_25' title="bbox 235 3271 1337 3360; baseline -0.012 -12"><span class='ocrx_word' id='word_1_185' title='bbox 235 3282 369 3347; x_wconf 87' lang='lat' dir='ltr'><strong>Ceolred</strong></span> <span class='ocrx_word' id='word_1_186' title='bbox 398 3282 541 3360; x_wconf 87' lang='lat' dir='ltr'><strong>antistes,</strong></span> <span class='ocrx_word' id='word_1_187' title='bbox 569 3302 643 3345; x_wconf 89' lang='lat' dir='ltr'><strong>cum</strong></span> <span class='ocrx_word' id='word_1_188' title='bbox 672 3277 872 3355; x_wconf 60' lang='lat' dir='ltr'><strong>conscencia</strong></span> <span class='ocrx_word' id='word_1_189' title='bbox 894 3284 927 3339; x_wconf 90' lang='lat' dir='ltr'><strong>et</strong></span> <span class='ocrx_word' id='word_1_190' title='bbox 953 3275 1085 3339; x_wconf 90' lang='lat' dir='ltr'><strong>licentia</strong></span> <span class='ocrx_word' id='word_1_191' title='bbox 1106 3271 1337 3338; x_wconf 86' lang='lat' dir='ltr'><strong>venerabilium</strong></span> 
     </span>
     <span class='ocr_line' id='line_1_26' title="bbox 235 3374 1338 3462; baseline -0.01 -13"><span class='ocrx_word' id='word_1_192' title='bbox 235 3385 429 3450; x_wconf 86' lang='lat' dir='ltr'><strong>familiarum</strong></span> <span class='ocrx_word' id='word_1_193' title='bbox 447 3406 603 3462; x_wconf 88' lang='lat' dir='ltr'><strong>mearum,</strong></span> <span class='ocrx_word' id='word_1_194' title='bbox 625 3382 709 3448; x_wconf 86' lang='lat' dir='ltr'><strong>dabo</strong></span> <span class='ocrx_word' id='word_1_195' title='bbox 727 3380 914 3458; x_wconf 86' lang='lat' dir='ltr'><strong>Berhtwlfo,</strong></span> <span class='ocrx_word' id='word_1_196' title='bbox 937 3379 1007 3462; x_wconf 84' lang='lat' dir='ltr'><strong>regi</strong></span> <span class='ocrx_word' id='word_1_197' title='bbox 1030 3378 1241 3454; x_wconf 89' lang='lat' dir='ltr'><strong>Merciorum,</strong></span> <span class='ocrx_word' id='word_1_198' title='bbox 1257 3374 1338 3439; x_wconf 87' lang='lat' dir='ltr'><strong>illud</strong></span> 
     </span>
     <span class='ocr_line' id='line_1_27' title="bbox 236 3480 1337 3571; baseline -0.011 -18"><span class='ocrx_word' id='word_1_199' title='bbox 236 3489 434 3553; x_wconf 83' lang='lat' dir='ltr'><strong>territorium</strong></span> <span class='ocrx_word' id='word_1_200' title='bbox 454 3496 487 3551; x_wconf 88' lang='lat' dir='ltr'><strong>at</strong></span> <span class='ocrx_word' id='word_1_201' title='bbox 508 3487 653 3571; x_wconf 79' lang='lat' dir='ltr'><strong>Peginga</strong></span> <span class='ocrx_word' id='word_1_202' title='bbox 665 3486 802 3563; x_wconf 86' lang='lat' dir='ltr'><strong>burnan,</strong></span> <span class='ocrx_word' id='word_1_203' title='bbox 827 3503 920 3548; x_wconf 79' lang='lat' dir='ltr'><strong>xlm.</strong></span> <span class='ocrx_word' id='word_1_204' title='bbox 938 3481 1141 3545; x_wconf 90' lang='lat' dir='ltr'><strong>manentium</strong></span> <span class='ocrx_word' id='word_1_205' title='bbox 1158 3480 1252 3564; x_wconf 85' lang='lat' dir='ltr'><strong>juxta</strong></span> <span class='ocrx_word' id='word_1_206' title='bbox 1269 3498 1337 3542; x_wconf 88' lang='lat' dir='ltr'><strong>am-</strong></span> 
     </span>
     <span class='ocr_line' id='line_1_28' title="bbox 235 3582 1410 3676; baseline -0.01 -21"><span class='ocrx_word' id='word_1_207' title='bbox 235 3613 309 3657; x_wconf 90' lang='lat' dir='ltr'><strong>nem</strong></span> <span class='ocrx_word' id='word_1_208' title='bbox 325 3614 388 3676; x_wconf 90' lang='lat' dir='ltr'><strong>que</strong></span> <span class='ocrx_word' id='word_1_209' title='bbox 407 3592 526 3656; x_wconf 89' lang='lat' dir='ltr'><strong>dicitur</strong></span> <span class='ocrx_word' id='word_1_210' title='bbox 544 3591 668 3669; x_wconf 76' lang='lat' dir='ltr'><strong>Temos,</strong></span> <span class='ocrx_word' id='word_1_211' title='bbox 684 3610 742 3673; x_wconf 90' lang='lat' dir='ltr'><strong>pro</strong></span> <span class='ocrx_word' id='word_1_212' title='bbox 760 3586 909 3651; x_wconf 87' lang='lat' dir='ltr'><strong>libertate</strong></span> <span class='ocrx_word' id='word_1_213' title='bbox 924 3584 1040 3649; x_wconf 90' lang='lat' dir='ltr'><strong>horum</strong></span> <span class='ocrx_word' id='word_1_214' title='bbox 1057 3582 1338 3657; x_wconf 82' lang='lat' dir='ltr'><strong>monasteriorum,</strong></span> <span class='ocrx_word' id='word_1_215' title='bbox 1406 3630 1410 3636; x_wconf 88' lang='lat'><strong>.</strong></span> 
     </span>
     <span class='ocr_line' id='line_1_29' title="bbox 235 3684 1339 3775; baseline -0.011 -18"><span class='ocrx_word' id='word_1_216' title='bbox 235 3702 273 3757; x_wconf 93' lang='lat' dir='ltr'><strong>ut</strong></span> <span class='ocrx_word' id='word_1_217' title='bbox 287 3694 403 3759; x_wconf 89' lang='lat' dir='ltr'><strong>habeat</strong></span> <span class='ocrx_word' id='word_1_218' title='bbox 417 3693 551 3758; x_wconf 86' lang='lat' dir='ltr'><strong>eandem</strong></span> <span class='ocrx_word' id='word_1_219' title='bbox 562 3700 693 3769; x_wconf 89' lang='lat' dir='ltr'><strong>terram,</strong></span> <span class='ocrx_word' id='word_1_220' title='bbox 708 3689 851 3775; x_wconf 78' lang='lat' dir='ltr'><strong>perfruat</strong></span> <span class='ocrx_word' id='word_1_221' title='bbox 866 3696 899 3752; x_wconf 88' lang='lat' dir='ltr'><strong>et</strong></span> <span class='ocrx_word' id='word_1_222' title='bbox 913 3686 1075 3772; x_wconf 86' lang='lat' dir='ltr'><strong>possideat</strong></span> <span class='ocrx_word' id='word_1_223' title='bbox 1089 3686 1124 3748; x_wconf 91' lang='lat' dir='ltr'><strong>in</strong></span> <span class='ocrx_word' id='word_1_224' title='bbox 1140 3685 1226 3749; x_wconf 85' lang='lat' dir='ltr'><strong>diem</strong></span> <span class='ocrx_word' id='word_1_225' title='bbox 1240 3684 1339 3761; x_wconf 88' lang='lat' dir='ltr'><strong>illius,</strong></span> 
     </span>
     <span class='ocr_line' id='line_1_30' title="bbox 235 3786 1338 3883; baseline -0.012 -21"><span class='ocrx_word' id='word_1_226' title='bbox 235 3806 268 3862; x_wconf 89' lang='lat' dir='ltr'><strong>et</strong></span> <span class='ocrx_word' id='word_1_227' title='bbox 292 3806 365 3883; x_wconf 88' lang='lat' dir='ltr'><strong>post</strong></span> <span class='ocrx_word' id='word_1_228' title='bbox 387 3820 421 3863; x_wconf 87' lang='lat' dir='ltr'><strong>se</strong></span> <span class='ocrx_word' id='word_1_229' title='bbox 443 3798 623 3881; x_wconf 90' lang='lat' dir='ltr'><strong>cuicunque</strong></span> <span class='ocrx_word' id='word_1_230' title='bbox 641 3794 778 3860; x_wconf 87' lang='lat' dir='ltr'><strong>voluerit</strong></span> <span class='ocrx_word' id='word_1_231' title='bbox 799 3791 961 3875; x_wconf 90' lang='lat' dir='ltr'><strong>relinquat</strong></span> <span class='ocrx_word' id='word_1_232' title='bbox 982 3790 1018 3853; x_wconf 94' lang='lat' dir='ltr'><strong>in</strong></span> <span class='ocrx_word' id='word_1_233' title='bbox 1039 3796 1228 3873; x_wconf 86' lang='lat' dir='ltr'><strong>perpetuam</strong></span> <span class='ocrx_word' id='word_1_234' title='bbox 1247 3786 1338 3851; x_wconf 91' lang='lat' dir='ltr'><strong>here-</strong></span> 
     </span>
     <span class='ocr_line' id='line_1_31' title="bbox 236 3888 1340 3986; baseline -0.014 -20"><span class='ocrx_word' id='word_1_235' title='bbox 236 3901 379 3966; x_wconf 86' lang='lat' dir='ltr'><strong>ditatem.</strong></span> <span class='ocrx_word' id='word_1_236' title='bbox 424 3903 496 3986; x_wconf 85' lang='lat' dir='ltr'><strong>Ego</strong></span> <span class='ocrx_word' id='word_1_237' title='bbox 511 3898 717 3976; x_wconf 77' lang='lat' dir='ltr'><strong>Berhtwlfis,</strong></span> <span class='ocrx_word' id='word_1_238' title='bbox 733 3917 790 3961; x_wconf 84' lang='lat' dir='ltr'><strong>rex</strong></span> <span class='ocrx_word' id='word_1_239' title='bbox 806 3894 1017 3971; x_wconf 92' lang='lat' dir='ltr'><strong>Merciorum,</strong></span> <span class='ocrx_word' id='word_1_240' title='bbox 1029 3890 1157 3955; x_wconf 86' lang='lat' dir='ltr'><strong>donabo</strong></span> <span class='ocrx_word' id='word_1_241' title='bbox 1172 3888 1340 3955; x_wconf 81' lang='lat' dir='ltr'><strong>AEdelwlfe</strong></span> 
     </span>
     <span class='ocr_line' id='line_1_32' title="bbox 234 3993 1340 4081; baseline -0.014 -13"><span class='ocrx_word' id='word_1_242' title='bbox 234 4004 307 4069; x_wconf 88' lang='lat' dir='ltr'><strong>duci</strong></span> <span class='ocrx_word' id='word_1_243' title='bbox 327 4005 512 4070; x_wconf 86' lang='lat' dir='ltr'><strong>libertatem</strong></span> <span class='ocrx_word' id='word_1_244' title='bbox 534 4010 567 4068; x_wconf 90' lang='lat' dir='ltr'><strong>et</strong></span> <span class='ocrx_word' id='word_1_245' title='bbox 590 4001 789 4067; x_wconf 88' lang='lat' dir='ltr'><strong>territorium</strong></span> <span class='ocrx_word' id='word_1_246' title='bbox 814 4005 849 4063; x_wconf 90' lang='lat' dir='ltr'><strong>et</strong></span> <span class='ocrx_word' id='word_1_247' title='bbox 871 3996 1043 4081; x_wconf 78' lang='lat' dir='ltr'><strong>Poegeinga</strong></span> <span class='ocrx_word' id='word_1_248' title='bbox 1063 3994 1191 4058; x_wconf 86' lang='lat' dir='ltr'><strong>burnan</strong></span> <span class='ocrx_word' id='word_1_249' title='bbox 1210 3993 1246 4055; x_wconf 92' lang='lat' dir='ltr'><strong>in</strong></span> <span class='ocrx_word' id='word_1_250' title='bbox 1268 4013 1340 4076; x_wconf 85' lang='lat' dir='ltr'><strong>per-</strong></span> 
     </span>
     <span class='ocr_line' id='line_1_33' title="bbox 236 4096 1341 4193; baseline -0.016 -19"><span class='ocrx_word' id='word_1_251' title='bbox 236 4116 366 4193; x_wconf 85' lang='lat' dir='ltr'><strong>petuam</strong></span> <span class='ocrx_word' id='word_1_252' title='bbox 380 4108 602 4173; x_wconf 88' lang='lat' dir='ltr'><strong>hereditatem.</strong></span> <span class='ocrx_word' id='word_1_253' title='bbox 645 4105 719 4169; x_wconf 88' lang='lat' dir='ltr'><strong>Hoo</strong></span> <span class='ocrx_word' id='word_1_254' title='bbox 737 4110 795 4182; x_wconf 87' lang='lat' dir='ltr'><strong>est,</strong></span> <span class='ocrx_word' id='word_1_255' title='bbox 811 4101 901 4166; x_wconf 83' lang='lat' dir='ltr'><strong>verbi</strong></span> <span class='ocrx_word' id='word_1_256' title='bbox 915 4100 1030 4184; x_wconf 77' lang='lat' dir='ltr'><strong>gratia,</strong></span> <span class='ocrx_word' id='word_1_257' title='bbox 1045 4107 1082 4161; x_wconf 91' lang='lat' dir='ltr'><strong>ut</strong></span> <span class='ocrx_word' id='word_1_258' title='bbox 1097 4097 1163 4161; x_wconf 89' lang='lat' dir='ltr'><strong>sint</strong></span> <span class='ocrx_word' id='word_1_259' title='bbox 1177 4096 1307 4159; x_wconf 88' lang='lat' dir='ltr'><strong>liberati</strong></span> <span class='ocrx_word' id='word_1_260' title='bbox 1321 4117 1341 4158; x_wconf 88' lang='lat' dir='ltr'><strong>a</strong></span> 
     </span>
     <span class='ocr_line' id='line_1_34' title="bbox 236 4197 1338 4297; baseline -0.015 -20"><span class='ocrx_word' id='word_1_261' title='bbox 236 4220 329 4295; x_wconf 85' lang='lat' dir='ltr'><strong>pastu</strong></span> <span class='ocrx_word' id='word_1_262' title='bbox 348 4212 529 4297; x_wconf 89' lang='lat' dir='ltr'><strong>principum</strong></span> <span class='ocrx_word' id='word_1_263' title='bbox 552 4218 585 4273; x_wconf 88' lang='lat' dir='ltr'><strong>et</strong></span> <span class='ocrx_word' id='word_1_264' title='bbox 608 4231 628 4272; x_wconf 88' lang='lat' dir='ltr'><strong>a</strong></span> <span class='ocrx_word' id='word_1_265' title='bbox 650 4207 839 4271; x_wconf 87' lang='lat' dir='ltr'><strong>difficultate</strong></span> <span class='ocrx_word' id='word_1_266' title='bbox 859 4204 916 4268; x_wconf 87' lang='lat' dir='ltr'><strong>illa</strong></span> <span class='ocrx_word' id='word_1_267' title='bbox 934 4211 1013 4287; x_wconf 91' lang='lat' dir='ltr'><strong>quot</strong></span> <span class='ocrx_word' id='word_1_268' title='bbox 1037 4221 1097 4264; x_wconf 88' lang='lat' dir='ltr'><strong>nos</strong></span> <span class='ocrx_word' id='word_1_269' title='bbox 1115 4198 1272 4263; x_wconf 78' lang='lat' dir='ltr'><strong>Saronico</strong></span> <span class='ocrx_word' id='word_1_270' title='bbox 1289 4197 1338 4260; x_wconf 87' lang='lat' dir='ltr'><strong>di-</strong></span> 
     </span>
     <span class='ocr_line' id='line_1_35' title="bbox 236 4300 1342 4398; baseline -0.014 -19"><span class='ocrx_word' id='word_1_271' title='bbox 236 4316 337 4379; x_wconf 88' lang='lat' dir='ltr'><strong>cimus</strong></span> <span class='ocrx_word' id='word_1_272' title='bbox 347 4314 531 4398; x_wconf 84' lang='lat' dir='ltr'><strong>Festigmen</strong></span> <span class='ocrx_word' id='word_1_273' title='bbox 541 4340 551 4391; x_wconf 79' lang='lat'>3</span> <span class='ocrx_word' id='word_1_274' title='bbox 572 4333 632 4376; x_wconf 87' lang='lat' dir='ltr'><strong>nec</strong></span> <span class='ocrx_word' id='word_1_275' title='bbox 642 4310 789 4374; x_wconf 87' lang='lat' dir='ltr'><strong>homines</strong></span> <span class='ocrx_word' id='word_1_276' title='bbox 804 4308 882 4372; x_wconf 87' lang='lat' dir='ltr'><strong>illue</strong></span> <span class='ocrx_word' id='word_1_277' title='bbox 901 4306 1034 4370; x_wconf 90' lang='lat' dir='ltr'><strong>mittant</strong></span> <span class='ocrx_word' id='word_1_278' title='bbox 1045 4303 1100 4386; x_wconf 89' lang='lat' dir='ltr'><strong>qui</strong></span> <span class='ocrx_word' id='word_1_279' title='bbox 1115 4308 1276 4385; x_wconf 87' lang='lat' dir='ltr'><strong>oseeptros</strong></span> <span class='ocrx_word' id='word_1_280' title='bbox 1290 4300 1342 4364; x_wconf 84' lang='lat' dir='ltr'><strong>rel</strong></span> 
     </span>
     <span class='ocr_line' id='line_1_36' title="bbox 237 4402 1342 4503; baseline -0.012 -22"><span class='ocrx_word' id='word_1_281' title='bbox 237 4419 375 4483; x_wconf 74' lang='lat' dir='ltr'><strong>litlcones</strong></span> <span class='ocrx_word' id='word_1_282' title='bbox 390 4425 531 4503; x_wconf 88' lang='lat' dir='ltr'><strong>portant,</strong></span> <span class='ocrx_word' id='word_1_283' title='bbox 549 4424 604 4480; x_wconf 89' lang='lat' dir='ltr'><strong>aut</strong></span> <span class='ocrx_word' id='word_1_284' title='bbox 619 4436 714 4479; x_wconf 90' lang='lat' dir='ltr'><strong>canes</strong></span> <span class='ocrx_word' id='word_1_285' title='bbox 729 4420 786 4477; x_wconf 89' lang='lat' dir='ltr'><strong>aut</strong></span> <span class='ocrx_word' id='word_1_286' title='bbox 800 4410 940 4475; x_wconf 83' lang='lat' dir='ltr'><strong>caballos</strong></span> <span class='ocrx_word' id='word_1_287' title='bbox 955 4408 1095 4483; x_wconf 87' lang='lat' dir='ltr'><strong>ducunt;</strong></span> <span class='ocrx_word' id='word_1_288' title='bbox 1118 4413 1168 4469; x_wconf 88' lang='lat' dir='ltr'><strong>set</strong></span> <span class='ocrx_word' id='word_1_289' title='bbox 1183 4404 1250 4469; x_wconf 91' lang='lat' dir='ltr'><strong>sint</strong></span> <span class='ocrx_word' id='word_1_290' title='bbox 1263 4402 1342 4468; x_wconf 88' lang='lat' dir='ltr'><strong>libe·</strong></span> 
     </span>
    </p>
   </div>
   <div class='ocr_carea' id='block_1_5' title="bbox 0 0 1635 5125">
    <p class='ocr_par' dir='ltr' id='par_1_6' title="bbox 0 0 1635 5125">
     <span class='ocr_line' id='line_1_37' title="bbox 0 0 1635 5125; baseline 0 0"><span class='ocrx_word' id='word_1_291' title='bbox 0 0 1635 5125; x_wconf 95' lang='lat' dir='ltr'><strong> </strong></span> 
     </span>
    </p>
   </div>
  </div>
 </body>
</html>
