3234 5125
329 425 381 478 639
815 429 947 484 wlnra.

327 599 456 680 ibidem,
478 602 505 664 si
525 603 595 668 Deo
618 603 785 686 placuerit,
807 603 933 686 sepulta
952 603 1173 686 requiescant3
1200 609 1233 665 et
1251 603 1436 684 ubicunque

327 702 408 768 alter
428 713 574 770 nostnrm
594 707 694 770 vitam
716 707 846 784 finierit,
871 706 986 770 fratres
1005 706 1153 770 Ramesie
1175 704 1341 769 venientes
1359 724 1435 768 cum

327 815 538 888 casamento,
557 817 625 873 tam
643 829 702 874 suo
717 831 816 893 quam
836 809 1013 872 amicorum
1033 817 1228 885 nostrorum,
1247 828 1362 890 corpus
1379 805 1434 868 de·

326 907 429 974 functi
452 912 633 976 Remesiam
656 913 801 977 deferant
824 912 1062 977 tumulandum.
1115 913 1159 976 Et
1181 931 1242 994 ego
1264 907 1435 974 AErnketel

328 1011 400 1076 volo
417 1014 503 1096 quod
523 1015 559 1078 iu
577 1015 721 1098 precium
743 1016 909 1099 sepulture
928 1037 999 1079 mee
1016 1026 1050 1079 et
1067 1015 1174 1079 anime
1191 1015 1340 1090 salntem,
1359 1033 1434 1095 pro-

327 1116 458 1181 veniant
483 1118 614 1182 ecclesie
641 1119 829 1182 Ramesensi
853 1120 934 1181 πώ·
959 1118 1041 1182 libre
1066 1119 1107 1182 de
1129 1124 1263 1200 argento
1291 1125 1326 1179 et
1356 1135 1437 1176 auro

326 1227 359 1282 et
379 1219 513 1299 catallis,
536 1243 597 1305 que
615 1222 666 1286 die
689 1221 906 1286 defunctionis
925 1242 996 1284 mee
1016 1219 1101 1305 apud
1120 1241 1173 1284 me
1192 1218 1365 1303 eontigerit
1385 1217 1436 1278 in-

327 1321 446 1386 veniri:
470 1343 528 1407 pro
542 1324 645 1388 salute
660 1345 735 1389 vero
751 1325 857 1388 anime
875 1324 1007 1408 praelate
1029 1325 1137 1387 uxoria
1158 1343 1229 1387 mee
1243 1329 1277 1385 et
1290 1320 1437 1404 corporis

326 1425 501 1507 sepultura,
513 1425 692 1491 remanebit
706 1427 809 1491 eidem
825 1427 956 1491 ecclesie
970 1435 1058 1490 terra
1068 1427 1110 1490 de
1120 1425 1343 1491 Lochamtona
1358 1445 1435 1487 curn

325 1529 450 1592 catallis
464 1530 614 1594 omnibus
629 1552 700 1614 quae
715 1531 749 1593 in
765 1549 802 1594 ea
816 1529 1031 1593 invenientur.
1070 1529 1142 1612 Ego
1156 1537 1265 1592 antem
1279 1527 1434 1590 Wlfroun

325 1629 459 1713 singulis
480 1632 573 1696 annis
587 1632 652 1696 vite
667 1654 748 1708 mee,
765 1632 804 1696 ad
821 1631 940 1696 festum
959 1632 1071 1695 Sancti
1086 1631 1264 1707 Benedicti,
1280 1629 1366 1713 quod
1383 1638 1435 1692 est

324 1731 358 1794 iu
374 1741 486 1810 estate,
503 1755 533 1797 x.
547 1735 657 1798 mittas
671 1734 711 1798 de
726 1734 843 1812 brasio,
858 1742 937 1799 etv.
953 1733 993 1797 de
1008 1743 1094 1817 grut,
1110 1743 1144 1798 et
1157 1755 1189 1796 v.
1204 1734 1316 1797 mittas
1330 1731 1433 1795 farine

324 1831 460 1910 triticeo,
475 1841 508 1895 et
523 1851 599 1896 v111.
617 1853 742 1916 pernas,
759 1844 791 1896 et
806 1854 874 1896 xvi.
891 1853 1009 1912 emeca,
1025 1841 1060 1896 et
1074 1833 1156 1896 duas
1170 1853 1282 1896 vaccas
1295 1831 1432 1914 pingues

325 1930 466 1995 deterre
485 1954 557 1997 mea
573 1934 759 2017 Hikelinge,
776 1956 835 2018 pro
857 1947 1004 2018 respectu
1023 1935 1160 1999 decerno
1177 1934 1282 1997 eidem
1300 1933 1431 1997 ecclesie

325 2035 488 2116 procurari
497 2061 507 2112 ;
534 2035 568 2098 in
586 2037 702 2120 Capite
722 2059 797 2101 vero
816 2036 1071 2120 Quadragesime
1090 2057 1165 2100 v111.
1185 2037 1303 2100 isicius.
1348 2036 1429 2101 Qui-

324 2157 451 2221 cunque
477 2159 553 2221 ergo
581 2139 665 2203 hanc
693 2139 901 2204 donationem
926 2141 1101 2224 infringere
1130 2140 1360 2225 presumpserit
1380 2139 1428 2202 vel

324 2247 517 2322 permutare,
541 2241 827 2306 animadversionis
845 2251 955 2306 eterne
973 2243 1007 2306 in
1025 2243 1077 2307 die
1091 2243 1207 2327 judicii
1228 2264 1336 2306 coram
1358 2243 1429 2306 Deo

324 2361 398 2408 rens
413 2344 539 2422 existat,
555 2343 619 2408 nisi
637 2345 797 2428 condigna
814 2345 997 2430 penitencia
1015 2345 1234 2410 temeritatem
1252 2367 1344 2408 suam
1359 2366 1426 2409 cor-

324 2446 450 2510 rexerit.
496 2447 568 2511 Nec
583 2447 678 2512 liceat
693 2449 843 2532 cuiquam
858 2448 1007 2531 episcopo
1018 2448 1068 2511 vel
1083 2448 1242 2512 monacho
1256 2447 1315 2510 has
1328 2455 1429 2510 terras

323 2570 382 2633 pro
404 2572 482 2615 auro
502 2551 550 2615 vel
572 2559 706 2633 argento
729 2558 922 2635 permutare,
944 2559 994 2614 set
1015 2550 1082 2614 sint
1104 2572 1228 2635 semper
1250 2549 1286 2613 in
1307 2572 1428 2634 posses-

324 2653 413 2717 sione
435 2654 567 2718 ecclesie
589 2654 642 2717 cni
659 2674 712 2718 esa
735 2674 792 2738 per
814 2653 875 2716 hoc
896 2654 1133 2737 cyrographum
1151 2654 1336 2717 studuimus
1353 2675 1427 2717 oon-

323 2755 459 2821 firmare.

626 2932 1098 2940 ——.-—-———--—-———.

758 3134 991 3190 WULmYFU.

367 3282 409 3344 In
438 3282 569 3344 nomine
592 3281 736 3344 Domini.
796 3282 868 3364 Ego
897 3281 1042 3363 Wlfgiua
1081 3279 1245 3345 comitissa
1275 3280 1427 3344 omnibus

323 3390 438 3446 notum
455 3381 538 3445 facio
557 3382 617 3446 hoc
634 3382 720 3466 quod
735 3384 963 3467 Omnipotenti
978 3384 1050 3447 Deo
1072 3384 1246 3447 concedere
1261 3383 1334 3447 volo
1355 3393 1427 3467 post

322 3484 390 3548 dies
409 3504 498 3547 meos
517 3504 575 3568 pro
595 3484 702 3548 anima
724 3506 805 3549 mea
852 3487 985 3565 Villam,
1001 3486 1134 3565 scilicet,
1149 3486 1189 3550 de
1209 3487 1428 3551 Bramcestria

322 3586 365 3651 do
379 3587 501 3651 Decet
525 3588 645 3651 Sancto
665 3587 844 3653 Benedicto
860 3590 1030 3653 Rameaie:
1054 3589 1116 3654 hoc
1138 3589 1211 3652 volo
1230 3597 1268 3652 ut
1291 3590 1429 3653 firmiter

322 3697 396 3769 stet,
412 3698 445 3754 et
460 3712 479 3754 a
494 3690 584 3754 nullo
599 3690 769 3755 bominum
789 3692 993 3757 immutetur.
1040 3693 1114 3756 Hoc
1135 3692 1292 3775 scriptum
1314 3692 1378 3756 fuit
1392 3694 1427 3755 in

321 3794 424 3859 tribua
451 3793 596 3878 partibus
619 3793 768 3873 divisum,
788 3816 924 3879 quarum
950 3817 1017 3859 una
1041 3796 1197 3859 remansit
1218 3795 1254 3858 in
1277 3796 1429 3859 manibus

321 3898 507 3964 Athelstani
530 3897 679 3982 episcopi,
703 3898 840 3963 alteram
863 3920 991 3963 meeum
1015 3899 1146 3976 retinui,
1166 3899 1299 3963 tertiam
1321 3900 1428 3983 optuli

322 4001 481 4066 Ramesie.
537 4000 628 4064 Deua
651 4000 794 4083 optimus
820 4000 982 4064 custodiat
1006 4022 1119 4064 omnes
1146 4002 1341 4085 quicumque
1364 4001 1428 4065 hoc

320 4104 481 4168 custodire
496 4103 657 4167 voluerint
665 4128 675 4179 ;
698 4110 730 4166 et
746 4104 802 4186 qui
816 4103 879 4168 hoc
893 4106 1056 4168 inmutare
1071 4105 1321 4189 attemptaverit,
1337 4106 1430 4169 Deua

320 4206 413 4269 illum
428 4205 467 4269 ad
480 4205 645 4289 justiciam
660 4214 693 4269 et
708 4205 971 4270 emendacionem
986 4216 1123 4270 revocet.
1169 4208 1284 4270 Amen.
