3234 5125
290 372 343 426 200
564 373 884 431 MISOELLANEOUS
902 372 1116 429 CHARTERS-
1168 412 1178 433 .

291 563 353 626 quc
364 543 501 627 speciem
516 544 637 609 ibidem
648 545 798 611 collatam
813 544 936 629 eripere
949 543 1189 629 temptaverint,
1198 543 1250 608 vel
1264 542 1342 607 alias
1357 542 1397 607 dc

291 644 388 708 rebus
416 646 502 709 illius
531 648 681 712 aecclesioe
708 646 978 726 haereditaverint,
1008 646 1223 729 fratribusque
1252 646 1398 731 ejusdem

293 746 356 810 loci
366 747 432 811 vim
445 748 564 814 inferre
578 750 851 833 praesumpserint,
860 749 911 813 vel
926 770 980 813 eos
994 749 1115 833 injuste
1127 748 1397 826 contristaverint,

293 869 418 913 necnon
433 858 466 913 et
480 851 564 915 hanc
578 852 740 916 scedulam
755 852 957 937 carbilasque
971 873 1084 935 regum
1098 852 1151 915 vel
1169 852 1307 915 aliorum
1321 850 1399 914 fide·

293 951 384 1031 lium,
406 953 447 1017 ad
466 954 683 1019 defensionem
702 962 736 1019 et
754 956 927 1019 tuitionem
951 956 1013 1019 loci
1036 954 1156 1019 ibidem
1176 954 1252 1018 data
1275 954 1400 1017 auferre

294 1074 352 1118 seu
365 1063 507 1120 evertere
521 1054 714 1137 studuerint,
725 1057 857 1141 ignibus
872 1058 1012 1137 eternis,
1028 1057 1223 1123 cruciatibus
1236 1057 1400 1142 perpetuis

293 1156 366 1221 illos
381 1158 503 1238 damus,
517 1160 740 1225 maledicimus
754 1168 852 1244 atque
867 1160 1193 1239 excommunicamus,
1205 1167 1313 1244 portas
1327 1159 1400 1224 coeli

294 1260 341 1323 eis
365 1260 554 1341 claudimus,
581 1270 614 1328 et
642 1262 812 1327 deleantur
836 1264 970 1327 nomina
997 1285 1109 1327 eorum
1138 1264 1178 1327 de
1206 1263 1289 1327 libro
1314 1262 1398 1340 vitae,

296 1362 402 1445 sitque
424 1385 498 1446 pars
519 1385 631 1429 eorum
651 1387 726 1430 cum
748 1366 836 1429 Juda
854 1366 988 1430 Domini
1009 1366 1173 1445 traditore,
1194 1366 1258 1429 nisi
1272 1364 1399 1449 resipis·

296 1472 371 1528 cant
386 1474 419 1529 et
433 1467 536 1531 tribus
555 1468 649 1531 annia
662 1490 682 1532 a
696 1468 922 1533 communione
935 1468 1072 1533 fratrum
1091 1467 1281 1552 sequestrati
1298 1466 1400 1551 poeni·

297 1566 435 1629 tentiam
457 1575 565 1651 agant.
610 1572 650 1650 »Β
667 1570 738 1653 Ego
759 1569 937 1648 Osvvoldns,
960 1570 1104 1634 Eburum
1126 1569 1277 1633 aeeclesiae
1298 1567 1401 1631 archi·

297 1668 474 1752 episcopus,
492 1670 589 1755 hujus
606 1670 847 1737 munificientia
866 1678 1106 1736 conservatores
1128 1670 1275 1735 benedixi
1284 1695 1294 1748 ς
1325 1690 1401 1733 con·

296 1771 486 1837 tradictores
509 1794 584 1837 vero
606 1780 760 1859 perpetuo
785 1774 968 1859 dampnari,
990 1774 1125 1838 diceus:
1155 1772 1311 1837 Effrmdat
1334 1772 1401 1835 Do·

297 1874 405 1938 minus
423 1896 519 1960 super
536 1898 592 1941 cos
608 1878 691 1940 iram
710 1898 813 1957 suam,
834 1884 867 1942 et
884 1877 973 1942 furor
990 1877 1046 1941 irae
1064 1898 1130 1939 suae
1152 1874 1402 1958 comprehendat

298 1996 363 2041 eos.
409 1981 449 2059 ›1‹
465 1979 537 2062 Ego
556 1979 746 2058 AElfstauus,
769 1980 928 2044 Rolfensis
948 1979 1099 2044 aecclesiae
1121 1978 1298 2062 episcopus,
1318 1977 1402 2041 hanc

298 2079 483 2144 libertatem
503 2088 748 2164 augmentantes
768 2084 851 2166 Regi
866 2104 978 2167 regum
997 2081 1219 2147 commendavi
1227 2106 1237 2160 3
1260 2080 1402 2145 destruc-

299 2189 386 2246 tores
400 2191 509 2247 autem
524 2185 570 2248 sic
585 2184 720 2250 dicendo
733 2186 903 2250 maledixi:
927 2186 1047 2249 Veniat
1061 2206 1148 2248 mors
1163 2205 1257 2268 super
1270 2183 1354 2261 illos,
1369 2190 1402 2246 et

300 2284 495 2349 descendant
513 2287 550 2350 in
567 2287 706 2351 inferum
728 2288 882 2352 viventes.
928 2292 968 2370 »Β
984 2288 1056 2371 Ego
1077 2287 1255 2370 AElfeagus‚
1274 2286 1401 2349 Winto-

299 2388 419 2451 niensis
433 2389 583 2454 aecclesiae
597 2390 772 2473 episcopus,
783 2390 870 2453 illius
881 2390 943 2454 loci
958 2390 1144 2454 adauctmes
1159 2390 1262 2453 ‹lbesu
1273 2388 1403 2453 Christo

300 2490 485 2573 consignavi
493 2518 504 2572 3
529 2493 693 2556 invasores
709 2513 825 2577 nempe
847 2493 975 2557 aeternis
993 2491 1189 2555 cruciatibus
1206 2489 1335 2570 tradidi,
1353 2490 1402 2553 di·

198 2620 202 2627 ·
300 2615 393 2658 cens:
424 2595 503 2659 Non
528 2595 571 2658 sit
595 2595 659 2658 illis
680 2617 752 2679 pax,
774 2617 841 2660 non
867 2594 1096 2672 misericordia,
1117 2615 1184 2658 non
1208 2595 1321 2678 pietas,
1348 2593 1404 2658 sed

301 2705 405 2761 terror
418 2696 628 2777 infernorum,
644 2698 817 2762 crudelitas
832 2719 1011 2781 poenarum,
1027 2696 1174 2780 impietas
1193 2696 1403 2760 cruciatuum.

303 2804 343 2882 »Β
358 2801 430 2883 Ego
448 2802 602 2880 Escvius,
626 2802 793 2885 episcopus
814 2800 1006 2865 Dorecensis
1024 2799 1184 2877 aeeclesia,
1203 2798 1264 2862 hoc
1283 2797 1403 2882 adjeci:

301 2904 502 2968 Erubescant
526 2903 741 2968 destructores
764 2903 933 2986 praesentis
958 2901 1030 2981 loci,
1057 2909 1090 2966 et
1116 2900 1348 2965 conturbentur
1369 2901 1405 2962 in

302 2994 455 3070 saeculum
478 3005 596 3084 saculi,
623 3012 656 3068 et
685 3005 924 3069 confrmdantur
945 3013 979 3068 et
1000 3012 1156 3088 pereant,
1187 3003 1405 3068 benefactores

303 3117 412 3173 autem
434 3108 471 3171 in
492 3115 649 3172 arternum
671 3108 790 3172 vivant.
838 3112 877 3190 ›1‹
894 3108 964 3191 Ego
985 3108 1137 3185 Adultus,
1160 3106 1277 3190 praesul
1296 3106 1405 3186 Herc-

304 3210 461 3275 fordensis
479 3209 639 3289 aecclesiae,
654 3209 716 3273 hoc
733 3210 820 3274 idem
839 3211 899 3274 hoc
914 3210 1024 3275 dicens
1043 3211 1215 3274 affirmavi:
1238 3208 1407 3273 Maledicti

303 3313 369 3376 sint
397 3319 542 3394 raptores
570 3311 658 3376 illius
690 3319 809 3376 sanctae
840 3313 991 3378 aecclesia
1017 3313 1053 3376 in
1079 3313 1229 3378 omnibus
1256 3311 1406 3396 operibus

304 3415 380 3493 suis,
395 3421 428 3478 et
453 3415 489 3477 in
511 3414 661 3478 omnibus
685 3414 745 3477 viis
768 3415 844 3494 siris,
866 3423 899 3479 et
922 3415 957 3477 in
981 3416 1105 3480 eunctis
1128 3414 1407 3478 adinventionibus

304 3516 369 3579 suis
390 3515 513 3598 pravis,
541 3515 759 3580 benefactores
781 3537 856 3580 vero
883 3517 962 3581 adeo
984 3515 1224 3582 benedicantur.
1280 3521 1319 3599 ›1‹
1335 3518 1407 3600 Ego

304 3618 497 3703 AEbclainus,
520 3618 686 3702 episcopus
713 3619 1014 3684 Schiresbrnnensis
1043 3619 1204 3696 aecclesiae,
1226 3619 1409 3702 supradicta

305 3723 351 3787 sic
373 3721 531 3786 conclusi:
564 3721 758 3804 Quicunque
779 3721 913 3784 inferior
930 3722 980 3785 vel
1003 3721 1170 3786 sublimior
1191 3728 1303 3785 contra
1320 3721 1408 3786 bunc

303 3825 448 3889 libellum
471 3824 642 3907 quicquam
665 3824 833 3887 sinistrum
853 3824 970 3888 audere
992 3822 1240 3908 praesumpserit,
1257 3823 1346 3886 vivus
1368 3822 1409 3886 ad

304 3928 423 3991 inferos
455 3932 576 4009 raptus,
613 3926 699 3990 inter
731 3926 840 3989 omnia
875 3935 1030 4011 perpetua
1064 3926 1149 3990 mala
1182 3925 1407 4010 inperpetuum

306 4030 510 4113 dampnetur.

348 4135 446 4196 Anno
479 4130 520 4194 ab
551 4131 773 4195 incarnatione
809 4131 943 4194 Domini
980 4138 1249 4208 ncccc³⁰n¹³¹0rx¹²⁰,
1282 4129 1410 4213 imperii

306 4243 414 4298 autem
433 4233 564 4316 gloriosi
583 4233 668 4314 regis
687 4233 826 4315 Eadgari
842 4253 925 4312 1111,
949 4253 1009 4316 ego
1026 4232 1186 4297 Aldredus
1210 4231 1307 4297 abbas
1326 4231 1411 4296 hanc

305 4336 466 4400 scedulam
482 4335 604 4417 scripsi,
616 4334 768 4398 kalendas
780 4335 911 4419 Aprilis,
922 4337 1069 4420 episcopo
1081 4337 1253 4400 Dnnstano
1264 4342 1410 4417 rogante,
