3234 5125
320 386 338 439 a
595 350 916 441 accucurrimus
934 381 1150 439 cauernae.

319 555 392 635 tini,
420 578 478 641 pro
506 556 648 623 remedio
676 554 886 622 animrcamei
908 554 1010 641 patris
1031 575 1167 639 maeque
1188 562 1424 639 parentumque

320 680 476 740 meorum,
492 668 657 745 gratanter
676 657 816 725 concedo
836 666 871 723 et
892 656 1168 742 amicabiliterque
1186 656 1230 722 do
1251 655 1426 742 quamdam

319 768 444 845 partem
463 770 547 829 terre
562 762 653 847 regni
671 761 746 841 mei,
768 782 841 825 xxx.
864 768 1057 840 aratrorum,
1078 760 1210 826 nomine
1223 759 1424 838 Ncrtburne,

319 863 355 927 in
377 886 471 929 usum
497 866 728 930 monachorum
750 862 871 928 ibidem
904 864 977 929 Deo
1004 862 1248 941 famulantium,
1272 860 1332 926 ubi
1356 860 1424 946 ipse

319 974 411 1051 pater
423 968 626 1051 Augustinus
640 975 674 1032 ct
687 974 780 1052 pater
793 987 885 1031 meus
899 964 1115 1059 requiescum,
1131 964 1189 1030 ubi
1203 965 1305 1029 etiam
1319 963 1423 1029 archi·

319 1069 481 1154 episcopos
502 1077 536 1135 et
554 1090 646 1154 reges
669 1068 732 1133 sibi
751 1066 960 1135 succedentes
981 1068 1180 1152 requiescere
1201 1066 1423 1145 decreverunt,

318 1171 376 1249 ubi
389 1180 422 1237 et
436 1194 551 1258 corpus
564 1193 673 1238 meum
687 1169 815 1256 sepeliri
828 1170 980 1255 precipio.
1019 1172 1116 1235 Hanc
1130 1178 1240 1235 sutem
1257 1170 1423 1255 praefatam

318 1282 448 1355 terram,
474 1275 510 1341 in
531 1274 682 1341 omnibus
704 1274 746 1339 sd
766 1294 800 1339 se
818 1273 1066 1359 pertinentibus,
1085 1273 1221 1358 pascuis,
1241 1272 1423 1357 paludibus,

318 1376 427 1460 pratis,
440 1377 528 1443 silvis
543 1398 580 1443 ec
594 1375 713 1442 finibus
728 1374 909 1456 maritimis,
923 1375 972 1441 ita
985 1376 1120 1441 liberam
1134 1383 1169 1441 et
1182 1374 1325 1461 quietam
1339 1374 1424 1440 dono

319 1500 356 1543 ac
371 1478 440 1545 dito
457 1479 541 1545 sicut
560 1487 652 1564 pater
666 1500 758 1544 meus
777 1487 835 1543 sut
854 1499 916 1563 ego
933 1500 1077 1564 unquam
1090 1477 1224 1545 liberius
1239 1478 1423 1543 habuimus.

320 1582 430 1667 Hujus
454 1582 637 1647 donationis
661 1582 940 1647 confimationem
962 1581 1098 1667 tropheo
1120 1582 1192 1667 agie
1215 1580 1320 1647 crucis
1334 1582 1375 1664 ›1‹
1390 1589 1425 1645 et

318 1693 406 1751 carta
431 1706 504 1751 mea
524 1685 613 1771 regia
641 1684 837 1769 consignavi,
860 1685 1077 1751 arridentibus
1101 1694 1136 1751 et
1164 1683 1423 1751 collaudantibus

318 1787 565 1872 archiepiscopo,
591 1788 732 1873 baptista
749 1788 872 1853 scilicet
895 1810 980 1868 meo,
1004 1790 1197 1870 Lsureneio,
1222 1799 1257 1854 et
1285 1787 1424 1853 subscri·

318 1889 415 1956 bento
430 1912 505 1955 oum
524 1890 635 1975 regina
653 1912 727 1955 mea
741 1892 873 1956 AEmms
893 1891 1031 1976 filiisque
1049 1891 1131 1957 meis
1150 1890 1285 1976 Egfiido
1305 1912 1343 1956 so
1361 1892 1423 1955 Er·

318 1994 496 2074 cumberto,
512 2016 586 2059 cum
604 1994 730 2059 duobus
744 1993 911 2079 episcopis,
927 1994 1059 2059 Mellito
1072 1994 1252 2060 Londonioe
1274 2002 1308 2059 et
1327 1994 1349 2058 J
1350 2003 1424 2059 usto

319 2096 468 2162 Rofensis
491 2096 633 2177 ecclesie,
648 2098 827 2182 ceterisque
844 2096 956 2162 multis
978 2096 1151 2164 comitibus
1165 2106 1199 2163 et
1213 2096 1424 2162 obtimatibus

318 2198 399 2263 meis
427 2197 669 2266 confaventibus
695 2207 728 2264 et
757 2199 1034 2265 subscribentibus
1062 2200 1098 2265 in
1123 2199 1220 2284 hujus
1241 2199 1424 2264 donationis

318 2300 459 2367 fautores
482 2310 515 2367 et
534 2310 680 2367 auctores
695 2302 793 2367 vitam
814 2310 960 2367 eternam
978 2303 1174 2387 optantibus,
1189 2303 1226 2366 in
1242 2302 1424 2367 invidentes

317 2424 375 2468 seu
389 2404 571 2470 minuentes
585 2405 648 2469 Dei
662 2404 894 2490 omnipotentis
908 2414 941 2470 et
956 2415 1142 2471 sanctorum
1156 2406 1375 2491 apostolorum
1389 2412 1424 2470 et

317 2506 418 2592 patris
432 2508 534 2574 nostri
550 2508 725 2594 Augustini
741 2508 919 2574 terribilem
934 2507 1240 2575 interminstionem.

364 2611 705 2696 &Egolrsurentina
722 2611 828 2697 gratis
841 2612 905 2677 Dei
926 2611 1294 2697 archiepiscopus,signo
1313 2620 1423 2676 sancte

318 2714 431 2794 crucis,
445 2715 527 2780 siout
541 2735 651 2801 regem
662 2715 727 2780 vidi
742 2715 858 2794 facere,
869 2713 933 2779 hoc
947 2713 1069 2779 donum
1084 2715 1249 2796 confirmo.
1296 2715 1335 2797 *1⁴
1351 2715 1423 2798 Ego

317 2817 444 2898 Emms,
460 2815 659 2882 Francorum
680 2816 766 2900 regis
787 2817 866 2896 filia,
880 2817 966 2900 regis
980 2815 1151 2882 AEsdbuldi
1166 2817 1291 2901 copula,
1306 2817 1422 2882 vexillo

316 2917 476 2984 adorande
504 2919 607 2984 crucis
629 2917 760 2983 armam.
813 2921 855 3000 ἦ(
870 2921 943 3002 Ego
964 2919 1123 3000 Mellitos,
1146 2920 1327 2985 Lundoniae
1354 2921 1421 3004 epi·

316 3041 442 3105 scopus,
452 3020 546 3103 signo
561 3027 671 3084 sande
680 3017 783 3084 crucis
798 3041 861 3104 qne
871 3021 936 3085 vidi
948 3021 1113 3106 astipulor.
1160 3023 1199 3105 ›1‹
1211 3021 1283 3106 Ego
1295 3023 1317 3087 J
1317 3030 1419 3102 ustus,

318 3119 467 3188 Rofensis
496 3122 674 3207 episcopus,
700 3121 798 3187 laudo
827 3131 861 3188 et
888 3123 1061 3189 subscribo.
1108 3127 1148 3207 ›1‹
1160 3126 1232 3209 Ego
1260 3126 1421 3210 higbertus

317 3223 410 3308 signo
424 3223 528 3289 crucis
542 3223 679 3289 libenter
693 3223 870 3290 corroboro.
918 3227 957 3309 ³1⁴
979 3227 1050 3311 ligo
1064 3227 1305 3307 Ercumbertus,
1321 3236 1420 3293 attes-

316 3335 407 3392 tante
422 3328 601 3392 venerande
614 3328 829 3412 =1⁴gratanter
843 3327 994 3408 concedo,
1009 3335 1182 3408 contestor,
1197 3337 1231 3394 et
1245 3330 1420 3397 subscribo.

319 3429 358 3511 ›1‹
374 3429 446 3514 Ego
462 3429 623 3494 Sueardus
637 3430 796 3495 consensi.
844 3431 883 3513 ’1⁴
899 3432 971 3514 Ego
986 3431 1175 3496 Guthardus
1189 3431 1362 3497 subscribo.

359 3533 481 3596 Actum
503 3539 553 3597 est
574 3540 683 3596 autem
706 3554 791 3598 anno
814 3532 855 3598 ab
876 3533 1101 3599 incarnatione
1124 3534 1297 3600 Salvatoris
1317 3537 1421 3601 nostri

316 3636 336 3698 J
338 3655 395 3700 esu
410 3635 532 3700 Christi
546 3636 777 3702 sexcentesimo
793 3635 1044 3716 octavodecimo,
1056 3637 1240 3704 Indictione
1254 3647 1353 3704 sexta.

468 4007 596 4064 *aruo
615 3991 815 4064 chuwruu
832 4008 881 4063 or
897 4009 1066 4065 wnssux
1102 4010 1266 4066 ocum.

356 4149 396 4234 a}
414 4161 457 4225 In
472 4159 603 4224 nomine
617 4159 751 4224 Domini
768 4159 872 4223 nostri
887 4158 990 4224 Jhesu
1005 4160 1138 4241 Christi,
1154 4182 1214 4245 ego
1231 4159 1419 4226 Cenuualch

312 4271 470 4346 regnante
485 4263 557 4326 Deo
572 4282 628 4325 rex
643 4259 727 4326 hanc
746 4260 929 4326 libertatem
948 4271 981 4326 et
998 4270 1193 4347 potestatem
1207 4262 1275 4327 sedi
1289 4264 1420 4346 pontifi-

311 4361 371 4430 cali
388 4365 645 4430 scireburnensis
669 4365 830 4444 molesios,
845 4387 902 4450 per
921 4365 1078 4450 privilegii
1098 4367 1291 4446 cautionem,
1309 4388 1417 4432 coram
