3234 5125
498 455 821 514 MISOELLANEOUS
840 457 1056 512 emmane.
1296 455 1332 511 sl

222 626 426 695 Codsswelle.
464 628 556 694 Tunc
565 628 706 712 perrexit
717 627 772 693 illo
786 628 955 713 episcopus
968 629 1171 709 Heahberht,
1181 650 1256 693 cum
1264 628 1331 692 suis

223 751 333 794 secum
351 729 543 809 senioribus,
562 730 598 794 in
621 730 754 810 Pascha,
776 731 818 795 ad
835 731 1068 811 Tomewoxoic,
1085 740 1119 796 et
1141 753 1215 796 suas
1235 730 1331 795 liber-

222 839 305 896 tates
321 840 354 896 et
369 832 509 897 cartulas
523 841 599 898 ante
614 833 855 899 nominatorum
869 841 1029 898 terrarum
1044 856 1153 900 secum
1164 833 1330 913 habentes,

224 941 257 998 et
282 933 329 998 ibi
353 941 428 998 ante
457 955 566 1019 regem
592 935 725 1020 ejusque
748 955 896 1020 proceres
921 937 1054 1002 fuenmt
1079 937 1204 1016 allecta,
1228 945 1261 1002 ct
1285 936 1331 1000 ibi

225 1037 423 1101 Merciorum
441 1038 613 1121 optimates
635 1037 900 1123 dejudicaverunt
920 1039 979 1119 illi,
994 1047 1033 1103 nt
1050 1041 1135 1105 male
1156 1061 1193 1105 ac
1210 1040 1331 1124 injuste

225 1139 393 1224 despoliati
411 1146 519 1205 essent
533 1140 568 1205 in
588 1161 647 1206 suo
664 1141 803 1225 proprio.
848 1142 940 1206 'hnc
955 1141 1018 1206 illis
1032 1149 1120 1206 terra
1133 1164 1193 1207 sua
1205 1142 1332 1207 reddita

225 1251 274 1307 est
295 1264 370 1308 cnm
388 1264 474 1328 pace,
491 1251 524 1308 et
544 1243 640 1307 simul
660 1243 759 1308 etiam
779 1244 835 1308 illc
854 1244 1022 1329 episcopus
1042 1245 1126 1309 hanc
1143 1245 1331 1310 donativum

223 1366 331 1429 regem
353 1345 542 1430 perdonavit
567 1346 687 1410 iterum
709 1347 745 1410 in
759 1346 1014 1412 Welesburnan:
1038 1347 1101 1412 hoc
1118 1354 1255 1412 estun.
1277 1369 1329 1412 ca-

226 1447 327 1513 ballos
349 1448 433 1513 bene
454 1447 583 1528 electos,
605 1456 640 1513 et
664 1470 767 1513 unum
790 1449 924 1514 anulum
949 1449 986 1513 in
1007 1471 1080 1514 xxx.
1103 1449 1275 1530 mancosis,
1297 1458 1332 1516 ct

225 1551 349 1616 discum
369 1550 581 1616 fabrefactum
600 1551 636 1614 in
655 1551 761 1615 tribus
775 1552 903 1635 pondis,
919 1559 953 1616 et
966 1553 1046 1616 duas
1061 1553 1150 1616 albas
1168 1573 1282 1618 comas
1295 1553 1331 1617 in

226 1675 293 1718 1111.
315 1654 426 1719 libris:
456 1662 489 1719 et
515 1653 570 1718 ille
595 1654 709 1737 regina
730 1654 820 1718 dedit
845 1655 926 1719 duos
949 1677 1049 1739 equos
1067 1655 1178 1735 bonos,
1197 1663 1232 1720 et
1251 1656 1331 1720 duas

225 1767 350 1843 stcapas
378 1759 414 1822 in
443 1765 548 1823 twaem
572 1757 728 1842 pundum,
752 1768 784 1822 et
807 1779 906 1822 unam
929 1780 1066 1843 cuppam
1087 1758 1274 1823 deauratam
1295 1760 1330 1827 in

226 1862 350 1928 duobus
368 1861 496 1946 pondis.
542 1862 587 1926 Et
604 1867 683 1926 tunc
705 1882 761 1925 rex
781 1881 858 1924 cum
877 1862 1062 1927 testimonio
1082 1861 1140 1926 has
1153 1870 1257 1927 terras
1275 1862 1331 1926 fir·

225 1965 321 2030 miter
342 1963 491 2029 liberavit
514 1963 576 2028 sibi
605 1963 640 2026 in
666 1985 772 2042 evum,
799 1985 908 2028 coram
937 1965 1005 2028 suis
1034 1965 1208 2045 archontis,
1231 1965 1330 2030 unius

225 2069 381 2154 cujusque
402 2067 605 2132 necessitatis
621 2073 655 2131 et
671 2067 870 2146 sustulionis,
893 2075 927 2132 ct
948 2067 1029 2132 illud
1051 2068 1150 2132 etiam
1169 2090 1244 2134 cum
1264 2069 1329 2152 sig-
1398 2113 1406 2128 .

225 2171 340 2236 naculo
368 2177 478 2234 sancte
501 2171 606 2235 crucis
635 2169 757 2235 Christi
787 2192 846 2234 suo
870 2191 971 2234 manu
992 2171 1129 2234 firmiter
1149 2171 1332 2237 roborando

227 2273 355 2358 scripsit
369 2281 403 2338 ct
417 2272 569 2337 munivit.

270 2377 306 2440 Si
330 2377 402 2460 quis
419 2397 495 2440 vcro
514 2397 580 2455 rcx,
600 2383 656 2439 aut
677 2376 836 2461 princeps,
856 2378 906 2440 vel
927 2376 1064 2461 alicujus
1085 2378 1204 2462 gradio
1224 2377 1331 2457 homo,

226 2479 309 2543 hanc
323 2487 467 2543 nostram
481 2478 689 2544 elemosinam
707 2488 740 2543 et
756 2479 939 2544 libertatem
954 2501 1010 2565 per
1024 2480 1215 2545 diabolicam
1228 2480 1331 2545 avari·

226 2583 305 2647 tiam
320 2584 472 2668 deceptus
490 2582 543 2662 sit,
564 2590 602 2647 ut
621 2568 768 2667 frangere
786 2582 837 2646 vel
856 2582 1002 2648 minuere
1016 2585 1233 2668 temptaverit,
1251 2585 1333 2648 sciat

227 2708 261 2751 sc
290 2694 472 2771 separatum
498 2707 518 2750 a
542 2685 704 2751 consortio
733 2686 879 2751 omnium
908 2694 1094 2751 sanctorum
1123 2687 1187 2751 Dei
1214 2687 1250 2750 in
1280 2686 1332 2751 dic

227 2790 336 2875 magni
355 2790 480 2876 judicii,
504 2796 579 2855 ante
602 2788 745 2853 tribunal
767 2788 902 2868 Christi,
921 2790 985 2852 nisi
1007 2790 1061 2854 hic
1083 2790 1154 2855 Deo
1174 2798 1207 2854 et
1226 2790 1330 2855 homi-

227 2895 322 2959 nibus
336 2914 410 2958 cum
424 2893 511 2958 bona
525 2891 743 2957 satisfactione
762 2891 989 2958 emendaverit.
1034 2893 1078 2957 Et
1092 2891 1139 2956 hii
1159 2900 1259 2958 testes
1274 2893 1330 2957 ad-

227 2997 364 3077 fuerant,
388 2998 443 3081 qui
469 2996 531 3061 hoc
557 3004 787 3061 consenserunt
817 3003 850 3059 et
876 2996 1082 3079 scripserunt,
1111 3017 1249 3080 quorum
1277 2996 1332 3061 hic

227 3102 359 3167 nomina
371 3102 406 3165 in
422 3101 522 3165 altera
536 3099 632 3184 plaga
646 3099 769 3163 cartule
783 3099 970 3163 flavescunt.

272 3210 313 3289 ›1‹
328 3207 400 3288 Ego
418 3201 604 3268 Berhtwulf
623 3224 679 3267 rex
702 3202 902 3267 Mei-ciorum
923 3202 1005 3267 hanc
1022 3223 1128 3267 meam
1147 3202 1331 3268 libertatem

227 3318 260 3374 et
275 3308 481 3374 donationem
503 3326 579 3369 cum
597 3306 713 3371 vexillo
734 3313 845 3370 sancte
865 3306 968 3371 crucis
987 3306 1110 3385 munio,
1126 3311 1164 3369 ut
1180 3307 1245 3370 fixa
1260 3328 1331 3391 per·

228 3412 406 3477 maneatin
420 3432 527 3475 evum.
671 3461 673 3469 ,

272 3518 312 3599 ›1‹
327 3518 398 3600 Ego
423 3514 560 3599 Saessry'c
583 3514 696 3597 regina
720 3512 878 3577 consensi.
934 3514 1062 3597 ›1⁴Ego
1078 3513 1241 3598 Cyncferii
1266 3514 1332 3599 cpi·
1455 3526 1461 3535 ’

228 3643 342 3706 scopus
371 3618 530 3684 consensi.
621 3618 660 3699 ›1‹
676 3617 748 3700 Ego
778 3615 948 3680 Heaberht
977 3616 1145 3701 episcopus
1175 3618 1333 3682 consensi.

229 3729 269 3808 ›1‹
285 3726 355 3808 Ego
370 3720 550 3787 Berehtred
565 3720 733 3805 episcopus
748 3719 907 3784 consensi.
955 3721 994 3802 ›1‹
1012 3720 1083 3804 Ego
1098 3720 1254 3785 Cuiiwulf
1265 3722 1332 3806 cpi.

226 3850 341 3912 scopus
355 3825 514 3905 consensi.
571 3825 612 3907 ᾖ
628 3824 700 3907 Ego
714 3822 901 3887 Eammund
914 3822 1033 3886 abbud.
1093 3827 1134 3906 ›1‹
1150 3824 1222 3908 Ego
1238 3825 1333 3888 Hun-

226 3930 320 3996 berht
335 3930 410 3994 dux.
484 3932 524 4011 ›1‹
539 3928 610 4011 Ego
625 3924 824 3990 AEiielheani
839 3926 915 3990 dux.
986 3929 1027 4008 ›1‹
1043 3926 1114 4009 Ego
1127 3927 1241 3991 Mucel
1255 3926 1331 3990 dux.

229 4037 268 4118 ›1‹
284 4036 356 4119 Ego
378 4032 498 4098 Dudda
514 4032 589 4096 dux.
645 4030 766 4113 &Ego
790 4028 976 4113 Cynoberht
1002 4030 1078 4094 dux.
1131 4030 1172 4112 ›1‹
1189 4031 1261 4113 Ego
1282 4030 1332 4093 Si-

227 4138 325 4222 gered
348 4138 423 4201 dux.
482 4136 610 4218 ›1⁴Ego
635 4132 816 4197 AE'celwnlf
833 4133 909 4197 dux.
974 4132 1095 4215 *Ego
1119 4132 1231 4196 Muccl
1255 4131 1330 4196 dux.

227 4243 268 4325 ᾧ
284 4244 356 4325 Ego
371 4238 529 4307 Eadwult'.
568 4241 608 4320 ›1‹
624 4238 696 4322 Ego
710 4236 836 4320 Wicga
876 4236 917 4318 ›1‹
933 4235 1006 4318 Ego
1021 4234 1171 4300 Eaduulf.
1205 4238 1245 4317 ›1‹
1262 4236 1333 4319 Ego

228 4345 363 4410 AElfred.
411 4347 451 4426 ›1‹
469 4340 650 4425 Hwithysc.
695 4341 735 4422 ιζ·
752 4340 823 4423 Ego
838 4337 1011 4403 Aldberht.
