3234 5125
318 423 370 480 164
591 423 913 482 MISGELLANEOUS
933 421 1146 480 CHARTERS.

318 598 428 662 omnia
444 597 582 663 visibilia
601 605 634 663 et
659 597 832 662 invisibilia
848 595 1070 663 ordinabiliter
1090 602 1188 678 atque
1205 591 1421 657 incommuta·

318 703 427 768 biliter
446 703 652 789 dispensante
675 711 709 768 et
732 703 942 788 gubernante.
987 700 1181 785 Intelligens
1200 696 1309 763 omnia
1329 715 1421 779 penae

318 805 471 891 preterita
499 805 586 871 dicta
614 805 663 870 vel
693 805 778 870 sacta
807 827 880 888 quae
909 805 945 868 in
972 811 1211 869 antecessorum
1236 806 1422 864 nostrorum

319 908 432 974 diebus
446 916 620 974 evenerunt
639 909 738 992 tirscae
753 907 908 974 oblivioni
921 907 1051 985 tradita,
1066 903 1130 970 nisi
1144 925 1183 970 ea
1198 925 1271 988 quas
1284 900 1422 967 discrete

319 1019 352 1074 et
372 1011 533 1094 sapienter
545 1011 725 1075 litterarum
748 1010 891 1094 apicibus
908 1007 1132 1075 commendata
1146 1013 1234 1085 sunt,
1244 1003 1421 1069 coniciens·

318 1133 381 1196 que
394 1113 556 1197 presentia
574 1122 608 1179 et
625 1113 736 1178 sutura
753 1112 865 1178 eodem
882 1111 980 1177 modo
998 1111 1074 1190 labi,
1089 1109 1154 1174 nisi
1170 1108 1295 1195 prefato
1309 1105 1422 1170 ordine

318 1215 500 1281 litterarum
517 1215 731 1280 caracteribus
745 1215 917 1300 diligenter
934 1223 969 1280 et
986 1213 1128 1278 studiose
1142 1235 1162 1276 a
1175 1209 1374 1296 presentium
1388 1217 1421 1271 et

318 1317 502 1385 futurorum
518 1325 701 1403 temporum
721 1319 853 1403 regibus
870 1326 904 1383 et
918 1317 1100 1403 presulibus
1113 1315 1270 1399 insignita
1286 1311 1419 1378 fuerint.

321 1423 526 1508 Quapropter
565 1443 626 1506 ego
660 1421 844 1504 Eadunard,
879 1422 988 1487 divina
1019 1420 1208 1505 indulgente
1238 1413 1420 1494 clementia,

319 1527 602 1610 Angul-sexonum
630 1546 698 1605 rex,
728 1533 859 1609 rogatus
888 1525 938 1590 fni
967 1523 989 1589 fa
1020 1545 1094 1589 meo
1122 1522 1240 1587 dilecto
1271 1519 1421 1603 episcopo

320 1628 511 1693 Fribestano
525 1627 687 1692 territoria
701 1628 853 1694 ecclesie
867 1629 931 1693 Dei
945 1627 998 1693 cui
1013 1625 1211 1692 deserviebat
1225 1621 1421 1708 pertinentia

319 1731 410 1795 novis
438 1730 619 1795 litterarum
651 1730 795 1814 apicibus
824 1751 988 1810 renovare,
1022 1737 1056 1795 et
1082 1736 1229 1794 veterum
1262 1726 1419 1790 librorum

319 1833 527 1911 monimenta,
537 1833 657 1897 recenti
668 1840 856 1917 recuperata
865 1830 1067 1912 auctoritate,
1078 1839 1277 1907 restaurare;
1299 1826 1420 1892 idcireo

316 1937 400 2002 votis
421 1937 490 2021 ejus
511 1935 649 2002 libenter
666 1936 901 2022 obtemperans,
917 1956 1072 2001 renovare
1090 1933 1202 1999 studui
1217 1929 1420 1998 territorium

317 2039 405 2104 illius
424 2039 550 2104 telluris
568 2061 640 2124 quse
657 2039 824 2104 Alresford
843 2039 963 2104 usitato
981 2039 1098 2104 dicitur
1112 2036 1278 2114 vocabulo,
1294 2033 1420 2118 prelato

317 2145 466 2228 episcopo
486 2143 671 2208 cathedram
685 2142 773 2207 beati
787 2142 888 2221 Petri,
899 2142 1116 2228 apostolorum
1130 2139 1297 2226 principis,
1307 2137 1417 2204 Pauli-

317 2267 390 2330 que,
415 2247 548 2330 ejusque
570 2245 759 2329 coapostoli
781 2244 980 2330 presidenti,
995 2246 1046 2308 uti
1062 2242 1214 2309 Ceuvvald
1238 2251 1337 2326 atque
1356 2242 1418 2305 Ine

316 2347 557 2432 Egcbyrthque,
573 2347 639 2411 mei
653 2356 870 2413 antecessores
885 2347 1028 2414 Domino
1039 2354 1149 2413 nostro
1160 2347 1261 2411 lbesu
1275 2344 1417 2423 Christo,

315 2451 461 2517 omnium
491 2471 600 2515 rarum
632 2451 812 2530 Conditori,
847 2458 969 2516 aeterna
1000 2457 1223 2516 concesserant
1255 2447 1415 2513 libertate.

315 2554 480 2620 Prelatum
510 2552 658 2639 equidem
691 2576 755 2635 rus,
785 2576 845 2639 pro
876 2564 988 2640 stupro
1017 2552 1184 2640 cujusdam
1212 2551 1335 2630 militis,
1364 2549 1417 2617 cui

202 2644 206 2651 ’
315 2656 593 2723 accommodatum
617 2658 722 2723 fuerat
741 2667 779 2724 ut
802 2680 937 2723 censum
956 2657 1091 2743 singulis
1114 2657 1207 2723 annis
1224 2656 1417 2742 persolveret

313 2759 482 2842 indictum,
499 2784 520 2825 a
532 2760 655 2846 prefata
669 2762 812 2827 aeoolesia
826 2761 946 2847 injuste
964 2762 1161 2826 abstractum
1175 2780 1278 2844 nuper
1291 2760 1416 2836 fuerat3

314 2864 369 2930 sed
388 2864 539 2930 Denavlf
558 2863 741 2929 Uuentanae
765 2864 915 2930 aeoelaiae
939 2864 1125 2931 cathedram
1141 2864 1199 2928 illo
1220 2862 1256 2927 in
1273 2870 1418 2946 tempore

312 2989 437 3053 regens,
456 2974 611 3053 pateram,
632 2974 765 3030 centum
789 2969 861 3031 auri
887 2967 977 3052 siglis
1000 2966 1245 3052 appendentem,
1268 2964 1337 3049 regi
1358 2964 1415 3048 qui

310 3078 390 3137 tunc
401 3069 556 3153 temporis
564 3068 858 3152 Augai-saxoniam
868 3070 1010 3153 regebat,
1021 3070 1279 3153 licetnonjuste,
1288 3067 1416 3146 tribuit,

313 3180 346 3237 et
369 3172 601 3255 possessionem
625 3170 666 3234 ad
691 3192 770 3235 usus
799 3172 1040 3237 succedentium
1068 3173 1233 3257 presulum
1263 3170 1416 3236 aecclesiae

312 3274 376 3338 Dei
395 3272 547 3338 restituit.
592 3272 795 3338 Precavendo
812 3274 914 3358 igitur
932 3296 975 3339 ne
993 3276 1059 3340 tale
1079 3275 1257 3361 periculum
1280 3274 1417 3361 posteris

313 3378 424 3442 futuro
449 3384 592 3461 tempore
619 3376 846 3442 miserabiliter
865 3378 1002 3459 eveniat,
1022 3380 1094 3464 Ilgo
1116 3378 1340 3458 Iladuuardus,
1366 3377 1415 3442 di-

311 3481 387 3545 vina
414 3479 572 3563 largiente
602 3480 716 3563 gratia,
746 3480 1030 3564 Augu-saxonum
1059 3502 1126 3562 rex,
1156 3490 1190 3547 et
1223 3481 1415 3567 Plegmund,

312 3582 571 3647 Dorubernensis
580 3582 731 3646 aecclesiae
744 3583 1012 3669 archiepiscopus,
1025 3586 1197 3669 cutemque
1212 3585 1416 3669 suffraganei,

312 3706 449 3769 quorum
465 3684 597 3749 inferius
616 3686 770 3751 vocabula
783 3694 955 3752 notantur.
1000 3689 1043 3752 In
1056 3689 1188 3753 nomine
1202 3688 1296 3753 almae
1310 3687 1416 3752 Trini-

312 3788 390 3853 tatis
413 3794 509 3873 atque
529 3787 703 3853 individuas
723 3790 872 3855 Unitatis
893 3790 1106 3876 praecipimus,
1125 3798 1194 3855 tam
1213 3792 1415 3870 Fribestano,

312 3891 456 3975 ejusdem
471 3891 633 3981 ¹Wentane
653 3892 737 3956 sedis
761 3892 919 3977 episeopo,
943 3915 1038 3978 quam
1057 3895 1182 3959 cunctis
1203 3894 1273 3979 ejus
1291 3916 1416 3959 succes·

312 3993 447 4073 auribus,
474 4002 512 4057 ut
541 3993 622 4058 nulli
649 3994 841 4059 semdarium
867 3996 1021 4076 militum,
1044 4018 1105 4061 nec
1130 3997 1239 4081 ipsum
1266 4019 1332 4077 rus,
1356 4018 1417 4063 nec

312 4095 399 4161 aliud
419 4096 542 4181 aliquot
564 4096 604 4160 ad
627 4097 802 4162 aeoolesiam
823 4098 886 4162 Dei
903 4099 1079 4182 pertinens,
1099 4121 1157 4184 pro
1179 4120 1313 4165 munere
1336 4121 1415 4184 quo-

310 4200 399 4279 libet,
416 4221 457 4263 na
472 4199 546 4264 talis
561 4198 761 4283 perturbatio
779 4201 931 4265 aecclesias
949 4202 1013 4266 Dei
1029 4202 1197 4286 contingat
1214 4211 1252 4267 ut
1272 4224 1329 4287 per
1346 4210 1416 4267 stu-

309 4324 403 4386 prum
433 4302 548 4386 prefati
577 4301 691 4366 militis
716 4302 864 4387 contigit,
887 4303 963 4369 dare
984 4306 1035 4371 vel
1065 4304 1305 4372 accommodare
1334 4290 1417 4390 prae·

311 4411 426 4469 sumat.
482 4405 548 4471 Qui
578 4413 686 4469 autem
711 4407 901 4471 temerarius
923 4408 1013 4472 nefas
1035 4408 1244 4473 interdictum
1260 4430 1417 4492 praesum-
