3234 5125
508 453 829 510 MISOELLANEOUS
848 453 1057 512 CHARTERS.
1286 457 1335 510 133

263 699 487 754 AE'l'llELRED
506 699 721 753 ALDORMAN
741 699 789 753 OF
806 699 966 754 Msucln.
1011 698 1295 761 ucocnxxxvss.

273 851 313 929 ›1‹
332 849 502 930 Regnaute
523 848 759 931 imperpetuum
779 848 921 910 Domino
943 858 1055 910 nostro
1073 847 1177 911 Jhesu
1195 847 1336 926 Christo,

227 951 321 1035 eujus
347 951 483 1034 imperio
505 951 603 1035 hujus
633 949 731 1014 seculi
757 949 897 1014 labentis
925 951 1120 1033 prosperitas
1141 950 1176 1013 in
1199 950 1339 1014 adversis

226 1053 426 1118 successibus
443 1053 554 1118 sedulo
569 1053 729 1137 permixta
744 1061 776 1116 et
792 1052 986 1117 conturbata
1000 1054 1154 1131 cernitur,
1165 1053 1338 1135 omniaque

229 1157 367 1220 visibilia
386 1165 483 1240 atque
499 1156 722 1220 desiderabilia
742 1177 934 1239 pomparum
953 1155 1067 1219 mundi
1088 1165 1278 1219 ornamenta
1297 1156 1338 1219 ab

230 1259 308 1342 ipsis
324 1259 521 1323 amatoribus
537 1259 603 1322 suis
618 1258 736 1323 cotidie
750 1258 904 1340 fugiendo
919 1267 1097 1322 transeunt.
1134 1259 1340 1342 Quapropter

229 1361 350 1446 quique
378 1362 539 1445 sapientes
568 1383 605 1426 ac
630 1361 718 1425 beati
748 1383 823 1424 cum
852 1361 903 1425 bis
928 1361 1072 1444 fugitivis
1101 1363 1200 1426 seculi
1229 1369 1341 1426 eterna

229 1465 349 1546 gaudia
370 1465 494 1548 jugiter
517 1485 669 1527 mansura
689 1464 816 1527 celestis
834 1465 937 1548 patrie
955 1486 1149 1548 magnopere
1168 1465 1342 1528 mercanda

230 1575 319 1630 sunt.
380 1567 586 1650 Quapropter
615 1588 675 1650 ego
706 1565 869 1644 AE'oelred,
901 1567 1005 1650 gratia
1034 1567 1168 1630 Domini
1195 1567 1342 1650 largiflua

231 1669 437 1747 concedente,
455 1670 519 1732 dux
537 1677 570 1733 et
593 1669 746 1752 patricius
765 1668 873 1752 gentis
891 1670 1100 1747 Marciorum,
1116 1691 1191 1734 cum
1210 1670 1343 1734 licentia

231 1778 266 1834 et
288 1770 491 1856 impositione
509 1793 624 1835 manus
646 1771 782 1835 AElfredi
804 1770 901 1854 regis,
916 1794 982 1835 uua
1002 1794 1077 1836 oum
1098 1773 1286 1836 testimonio
1309 1781 1342 1837 et

231 1895 390 1938 consensu
420 1874 583 1938 seniorum
613 1875 756 1958 ejusdem
786 1874 902 1957 gentis,
930 1875 1151 1959 episcoporum
1175 1876 1225 1940 vel
1254 1877 1341 1960 prin·

234 1977 354 2059 cipum,
375 1999 433 2060 pro
455 1975 676 2060 redemptione
695 1977 877 2040 animarum
894 1986 1089 2057 nostrarum,
1110 1987 1144 2042 et
1161 2002 1220 2062 pro
1242 1979 1342 2064 sospi-

233 2087 311 2155 tate,
333 2101 477 2142 necnon
500 2088 533 2142 et
554 2079 731 2143 stabilitate
752 2079 846 2163 regni
864 2080 1074 2160 Merciorum,
1093 2081 1187 2145 nobis
1207 2081 1242 2144 in
1259 2085 1342 2147 eter-¹

235 2205 310 2245 nam
334 2182 552 2260 elemosinam,
574 2181 735 2266 quandam
759 2182 845 2245 ruris
864 2183 1045 2266 portionem
1062 2182 1203 2248 Domino
1220 2185 1344 2248 Decet

236 2286 357 2348 Sancto
379 2285 487 2361 Petro,
510 2284 679 2349 liberatam
702 2284 742 2347 ab
765 2285 854 2348 omni
877 2284 1003 2348 tributo
1023 2286 1134 2368 regali,
1153 2308 1272 2371 magno
1294 2287 1344 2350 vel

235 2387 371 2464 modicO,
387 2395 467 2451 noto
484 2388 535 2451 vel
553 2387 676 2470 ignot0,
697 2387 759 2450 hoc
777 2395 837 2466 est,
856 2395 898 2450 ast
914 2388 1173 2452 Berhtauwellan
1191 2409 1236 2452 vr.
1252 2411 1344 2452 man·

236 2491 351 2569 aiones,
371 2496 404 2552 et
423 2498 464 2554 aet
479 2489 715 2573 Waetlingtune
733 2509 821 2569 vnn,
841 2511 915 2553 cum
936 2490 1087 2554 omnibus
1106 2492 1344 2575 pertinentibus
1431 2551 1436 2561 .

236 2592 277 2656 ad
298 2614 375 2655 rura
394 2592 516 2670 eadem,
537 2592 572 2655 in
591 2592 679 2657 silvis
701 2600 733 2656 et
756 2593 790 2656 in
808 2594 939 2676 campis,
959 2594 1043 2657 sicut
1066 2596 1207 2659 exterius
1227 2596 1346 2660 finibus

237 2696 333 2759 certis
353 2696 466 2759 dinota
487 2696 681 2774 consistunt,
703 2695 743 2759 ad
765 2695 932 2759 ecclesiam
953 2696 1044 2758 illam
1066 2718 1129 2779 que
1150 2706 1282 2761 vocatur
1303 2682 1347 2763 at

170 2818 175 2823 ·
239 2798 449 2863 Readanorau
481 2800 690 2883 pertinentes,
720 2806 876 2881 utrasque
899 2806 1001 2861 terras
1031 2798 1065 2860 in
1094 2820 1194 2862 unam
1223 2822 1346 2883 posses·

237 2901 337 2966 sionis
365 2902 591 2980 hereditatem,
618 2900 652 2964 id
682 2908 741 2979 est,
766 2900 806 2964 ad
837 2900 1048 2985 episcopalem
1073 2902 1192 2980 sedem,
1223 2902 1346 2967 scilicet

238 3006 497 3089 Uueogemeusis
512 3004 662 3082 civitatis,
679 3004 774 3088 plena
784 3004 935 3067 videlicet
949 3003 1069 3068 mentis
1084 3003 1254 3069 devotione
1268 3027 1344 3069 con-

237 3108 378 3172 cedendo
401 3109 569 3171 humiliter
597 3108 797 3171 donavimus.
852 3107 991 3190 Insuper
1013 3108 1122 3185 etiam,
1147 3108 1222 3172 huic
1246 3109 1344 3172 dona-

237 3210 320 3274 tioni
341 3210 377 3274 in
400 3218 620 3294 augmentum,
644 3232 698 3274 sex
717 3209 875 3288 homines,
898 3210 953 3293 qui
970 3210 1060 3294 prius
1083 3211 1288 3295 pertinebant
1306 3212 1347 3277 ad

238 3314 346 3377 villam
368 3314 490 3396 regiam
513 3313 548 3376 in
571 3312 843 3395 Beonsincgtune,
867 3333 941 3376 cum
964 3314 1054 3376 omni
1077 3314 1166 3396 prole
1191 3322 1225 3377 et
1247 3315 1347 3399 stirpe

239 3438 360 3494 eorum,
388 3416 429 3479 ad
452 3415 587 3479 eandem
617 3415 866 3498 conscripsimus
888 3414 1066 3493 ecclesiam,
1089 3437 1164 3479 cum
1188 3438 1348 3480 consensu

238 3519 354 3602 prefati
368 3518 453 3602 regis
471 3526 503 3582 et
524 3516 700 3582 eorundem
723 3517 917 3600 optimatum
935 3538 1093 3596 meorum,
1112 3527 1160 3597 ut,
1183 3520 1253 3584 sine
1270 3512 1348 3585 conl

239 3622 433 3685 tradictionc
454 3620 600 3704 alicujus,
621 3618 741 3683 nobilis
762 3618 812 3682 vel
835 3618 995 3702 ignobilis,
1020 3642 1145 3705 semper
1165 3622 1205 3685 ad
1226 3632 1347 3687 terram

241 3725 373 3789 ecclesie
397 3724 579 3807 supradicte
600 3722 794 3806 pertineant,
822 3721 858 3783 in
882 3722 1108 3804 sempiternam
1133 3724 1346 3790 hereditatem

242 3826 300 3890 hec
322 3826 512 3910 possidenda
532 3825 729 3890 donavimus.
776 3824 812 3887 Si
833 3823 889 3907 qui
908 3833 1027 3904 autem,
1050 3826 1135 3910 quod
1155 3827 1248 3906 absit,
1268 3850 1347 3892 ausu

241 3928 435 4013 philargirie,
461 3929 523 3994 hoc
548 3935 696 3992 nostrum
725 3926 911 3991 traditionis
939 3928 1060 3991 donum
1086 3930 1121 3992 in
1147 3930 1255 4013 aliqua
1277 3952 1346 3994 cor·

218 4096 221 4101 ,
241 4032 420 4116 rumpenda
435 4031 542 4096 fedare
560 4036 789 4115 pertemptent,
809 4030 913 4093 sciant
933 4052 968 4093 se
988 4032 1146 4095 rationem
1165 4032 1347 4097 reddituros

242 4134 277 4197 in
292 4134 344 4198 dic
355 4134 479 4219 judicii,
496 4156 571 4198 cum
585 4136 683 4198 Anna
697 4140 730 4196 et
745 4132 894 4215 Saphira,
910 4133 973 4195 nisi
988 4133 1077 4216 prius
1091 4133 1189 4216 digna
1203 4136 1347 4200 satisfac-

240 4236 329 4301 tione
355 4236 525 4301 emendare
548 4235 732 4299 maluerint.
785 4236 871 4298 Acta
893 4243 971 4298 suut
991 4236 1052 4299 heo
1075 4258 1160 4300 anuo
1175 4238 1347 4303 Dominice

243 4338 472 4404 incarnationis
488 4358 739 4416 ncccmxxxvru,
756 4336 876 4401 Indict.
891 4358 967 4401 vero
980 4359 1011 4400 v.

265 4443 347 4507 eis
393 4464 491 4506 earou
535 4448 612 4528 para
655 4432 797 4517 manna!
859 4440 962 4504 'I'hese
977 4460 1031 4503 are
1046 4440 1103 4505 the
1117 4462 1228 4505 names
1243 4442 1281 4507 of
1292 4444 1347 4510 the
