3234 5125
351 452 388 507 36
628 454 950 511 msanLuNEOUS
968 452 1182 509 CHARTERS.

353 626 428 705 sint,
444 624 537 691 nobis
559 626 698 691 fideliter
715 627 870 692 inoffense
887 628 1002 691 offerre
1016 624 1166 704 debeant,
1182 625 1278 689 simul
1298 645 1372 688 cum
1392 621 1460 707 ipsa

353 728 437 807 navi,
461 729 501 792 ad
521 729 629 794 locum
649 730 703 815 qui
729 731 909 815 appellatur
926 730 1104 795 Fordewik.
1156 730 1201 793 Et
1218 728 1402 812 quicunque
1419 725 1459 789 de

352 830 413 895 hac
428 830 600 897 donatione
615 840 735 913 nostra,
752 832 950 918 quodetiam
966 832 1146 917 specialiter
1160 830 1375 916 omnipotenti
1388 830 1459 895 Deo

356 934 488 999 firmiter
507 957 694 1001 concessum
714 945 773 1016 est,
795 935 926 1021 aliquid,
945 936 1068 1001 nefario
1086 933 1259 1000 caliditatis
1277 955 1368 1013 ausu,
1387 930 1458 996 abs-

352 1038 480 1103 trahere
500 1039 549 1103 vel
571 1040 715 1104 minuere
737 1040 953 1124 temptaverit,
981 1040 1061 1103 sciat
1090 1060 1124 1103 ae
1147 1036 1348 1103 soonsortio
1367 1056 1457 1099 sanc·
1594 1073 1595 1078 κ

352 1147 461 1205 torum
476 1141 621 1207 omnium
637 1150 831 1227 separatum,
847 1151 880 1208 et
902 1164 977 1207 cum
997 1142 1125 1223 diabolo
1147 1148 1180 1205 et
1198 1140 1320 1225 angelis
1340 1139 1411 1224 ejus
1424 1138 1459 1201 in
1594 1209 1595 1214 ἵ

351 1253 541 1329 perpetuum
553 1268 622 1311 esse
633 1245 892 1331 dampnandum
916 1248 1069 1332 quoniam
1083 1252 1231 1309 sanctum
1241 1244 1350 1308 locum
1359 1243 1459 1306 istum

353 1347 563 1415 dehonestare
583 1358 717 1415 conatus
735 1358 796 1430 est,
814 1351 849 1414 in
869 1373 933 1435 quo
950 1349 1046 1433 primi
1070 1348 1288 1433 apostolorum
1308 1344 1459 1431 principis

352 1452 441 1515 Petri
456 1453 641 1518 intercessio
663 1453 864 1519 orationibus
887 1452 1022 1517 assiduis
1039 1460 1073 1517 et
1092 1450 1275 1516 elemosinis
1292 1450 1387 1514 floret
1401 1469 1459 1533 pro

351 1554 439 1617 omni
454 1556 571 1639 populo
587 1556 782 1623 Christiano.
829 1556 952 1622 Icciroo
967 1557 1075 1620 vivens
1089 1553 1313 1619 benedictione
1328 1551 1392 1618 Dei
1407 1574 1459 1617 ca·

353 1656 446 1736 rebit‚
474 1668 507 1721 et
533 1659 672 1723 moriens
693 1658 913 1725 maledictioni
935 1658 1043 1723 debite
1065 1647 1253 1742 subjacebit,
1275 1656 1340 1720 nisi
1361 1655 1460 1739 digna

300 1801 303 1809 ·
352 1760 569 1857 satisfactione
584 1762 800 1827 emendaverit
815 1762 900 1847 quod
912 1783 1014 1846 nuper
1025 1761 1149 1825 studuit
1158 1761 1340 1845 depravare.
1376 1759 1459 1824 Qui·
1594 1825 1595 1850 ἶ

352 1883 479 1947 cunque
494 1885 570 1929 vero
591 1865 651 1930 hec
673 1868 820 1951 sugenda
842 1866 1040 1945 custodierit,
1059 1865 1101 1929 sit
1123 1864 1310 1929 benedictus
1332 1864 1366 1927 in
1388 1884 1459 1948 per·
1594 1919 1595 1936 1

352 1974 496 2049 petuum,
512 1976 546 2031 et
559 1968 777 2034 beatissimam
792 1991 903 2034 vocem
917 1969 1028 2033 audire
1047 1976 1210 2036 mereatur
1229 1988 1303 2032 cnm
1318 1966 1458 2032 sanctis:
1594 1989 1595 2052 p

353 2070 505 2134 “Venite
519 2071 681 2136 benedicti
695 2072 801 2137 Patris
816 2074 913 2137 mei.'’

397 2174 521 2257 ›1⁴Ego
539 2174 701 2241 Edbertus
719 2198 775 2242 rex
800 2176 886 2241 hano
907 2176 1115 2241 donationem
1135 2197 1155 2240 a
1175 2195 1227 2238 me
1248 2174 1367 2239 iactam
1389 2194 1459 2257 pru

273 2324 278 2335 .
353 2278 422 2359 pria
436 2298 535 2341 manu
550 2278 642 2361 signo
657 2288 767 2344 sancte
781 2280 886 2345 crucis
901 2279 1056 2344 roboravi.
1106 2278 1459 2363 ›1⁴EgoBregowinns

353 2380 607 2465 archiepiscopus
636 2382 677 2447 ad
708 2384 896 2467 petitionem
925 2382 1062 2447 Edberti
1085 2382 1171 2466 regis
1196 2382 1325 2465 signum
1349 2390 1460 2446 sancte

352 2482 456 2547 crucis
464 2485 612 2570 expressi.
651 2489 692 2569 ›1‹
706 2486 843 2572 Signum
854 2485 1142 2551 manusJamberti
1156 2484 1292 2549 abbatis.
1331 2488 1371 2568 ›1‹
1385 2484 1457 2569 Sig-

352 2607 431 2649 num
467 2609 581 2653 manus
618 2590 720 2654 Daene
756 2589 891 2655 abbatis.
950 2592 990 2671 ›1‹
1007 2589 1145 2674 Signum
1181 2588 1286 2654 Bruni
1321 2588 1457 2653 abbatis.

353 2690 393 2772 ›1‹
410 2690 546 2774 Signum
568 2714 683 2757 manus
705 2691 894 2760 Baitheardi
918 2692 1055 2757 comitis.
1109 2694 1149 2773 »Β
1166 2691 1304 2775 Signum
1324 2691 1459 2755 Bethal-

351 2791 418 2856 hun
448 2794 610 2879 principis.
669 2799 709 2878 ›1‹
726 2797 864 2879 Signum
894 2817 1011 2862 manus
1045 2795 1200 2860 Redfn'di.
1262 2798 1302 2877 ›1‹
1320 2795 1458 2878 Signum

350 2916 467 2960 manus
481 2897 605 2962 Budda.
653 2901 693 2980 ›1‹
712 2899 849 2982 Signum
869 2921 985 2963 manus
1004 2897 1216 2965 Esthelberti.
1263 2900 1303 2979 ›1‹
1320 2898 1457 2980 Signum

351 3018 466 3061 manns
481 2998 602 3064 Eadda.
648 3003 688 3088 ᾧ
707 3001 845 3085 Signum
859 3023 975 3068 manus
985 3001 1127 3085 Egesasi.
1174 3003 1214 3087 ›1‹
1233 3000 1371 3086 Signum
1389 3023 1457 3066 ms-
1594 3086 1595 3103 ἵ

352 3121 414 3166 nus
429 3100 560 3169 Aldred.

1037 3272 1151 3280 —·-—-—

591 3439 845 3532 1111111111
862 3461 1003 3518 renue
1039 3461 1215 3518 nccnxn.

396 3609 496 3689 114111
524 3607 654 3673 nomine
684 3607 819 3673 Domini
846 3608 950 3673 nostri
980 3609 1060 3673 Jesu
1089 3607 1222 3672 Christi.
1267 3609 1339 3691 Ego
1363 3608 1455 3672 Dun-

351 3709 471 3774 uuldus
490 3711 647 3790 minister,
664 3711 741 3776 dum
756 3711 931 3796 adjuraret,
946 3711 1057 3775 inclite
1072 3710 1225 3774 memorie
1244 3710 1329 3794 regis
1345 3709 1457 3774 Ethel-

350 3812 445 3892 berti,
466 3835 554 3878 nunc
581 3835 658 3879 vero
686 3813 857 3898 pecuniam
879 3815 967 3877 illius
989 3835 1047 3897 pro
1069 3812 1177 3877 anime
1199 3813 1269 3897 ejus
1290 3813 1395 3877 salute
1416 3812 1456 3877 ad

349 3914 463 3979 limina
476 3917 693 4000 apostolorum
705 3918 808 3982 Rome
819 3939 894 3982 curn
906 3917 976 3980 aliis
990 3915 1130 4000 perferre
1141 3914 1334 3993 desiderans,
1346 3915 1456 3978 villam

349 4040 459 4098 unam,
474 4028 548 4104 post
570 4019 696 4085 obitum
719 4041 839 4100 meum,
860 4020 895 4083 ni
913 4019 1049 4083 forsitan
1068 4017 1131 4082 hoc
1152 4018 1240 4102 prius
1260 4039 1312 4082 me
1331 4018 1458 4082 virente

348 4122 473 4207 placeat
480 4123 708 4206 peragendum,
721 4144 784 4206 que
790 4123 860 4207 jam
873 4122 914 4187 sd
924 4123 1154 4204 Quenegatum
1162 4120 1253 4185 urbis
1261 4119 1457 4184 Durovernis

348 4224 384 4288 in
404 4224 475 4290 soro
494 4225 599 4309 posita
616 4232 674 4305 est,
686 4246 782 4309 quam
802 4247 890 4290 nunc
909 4223 1100 4308 Hringwine
1121 4230 1231 4300 tenet;
1255 4243 1353 4306 quam
1370 4221 1455 4286 idem

349 4327 431 4390 mihi
443 4328 586 4413 prefatus
606 4349 661 4394 rex
681 4349 756 4392 cum
777 4327 848 4391 aliis
867 4326 997 4392 terrulis
1011 4327 1086 4410 jure
1100 4325 1229 4410 proprio
1244 4346 1319 4388 cum
1333 4324 1457 4389 tributo

348 4429 435 4493 illius
448 4431 683 4514 possidendam,
701 4438 733 4494 et
752 4430 931 4512 cuicunque
947 4429 1102 4493 voluerim
1123 4425 1323 4504 tradendam,
1339 4426 1456 4489 condo-
