3234 5125
486 414 807 470 MISCELLANEOUS
825 414 1039 470 CHARTERS.
1266 416 1319 469 iou

211 586 311 665 locus,
332 585 475 651 Domino
492 596 691 672 protegente,
709 596 848 667 tueatur,
869 588 1031 674 ipsiusque
1049 587 1113 652 loci
1132 586 1230 652 abbas
1250 587 1318 670 regi

212 688 393 753 deserviens
411 711 543 773 gregem
564 691 626 755 sibi
647 692 857 757 commissum
876 692 1036 770 dirocheo,
1059 691 1093 754 id
1116 699 1176 769 est,
1199 690 1319 773 duplici

211 800 304 875 pasto
318 791 433 857 foveat.
468 793 519 857 Sit
532 793 636 878 igitur
649 794 818 879 praefatum
831 794 1062 859 monasterium
1077 794 1168 857 omni
1182 802 1318 857 terrenae

215 894 381 959 servitutis
394 896 475 979 jugo
497 895 647 976 liberum,
664 898 769 962 tribus
789 898 942 982 exceptis,
960 904 1032 960 rata
1053 896 1202 961 videlicet
1224 917 1318 980 expe·

211 998 342 1077 ditione,
360 999 469 1082 pontis
494 1000 615 1065 arcisve
633 1001 875 1065 restauratione.
923 1000 958 1064 Si
978 1000 1050 1084 quis
1067 1020 1142 1063 vero
1163 1008 1231 1063 tam
1250 999 1316 1083 epi-

211 1101 381 1186 lempticns
400 1102 603 1187 philargyria
625 1104 777 1169 seductus
794 1103 946 1183 amentia,
966 1103 1053 1187 quod
1069 1125 1136 1167 non
1156 1110 1316 1187 optamus,

211 1202 295 1268 hanc
317 1213 437 1269 nostrae
461 1205 693 1271 munificenoioe
715 1207 934 1291 dapsilitatem
960 1228 1041 1270 ausu
1066 1207 1237 1271 temerario
1266 1207 1316 1269 in-

212 1304 352 1388 fringere
374 1307 589 1391 temptaverit,
616 1308 659 1372 sit
684 1309 752 1393 ipse
781 1309 939 1374 alienatus
964 1331 983 1373 a
1007 1310 1173 1375 consorcio
1198 1316 1317 1373 sauctae

212 1408 276 1474 Dei
292 1410 443 1489 ecclesiae,
460 1432 585 1475 necnon
604 1421 638 1477 et
657 1434 677 1476 a
694 1414 938 1498 participatione
960 1414 1153 1478 sacrosancti
1174 1413 1316 1498 corporis

213 1521 246 1577 et
266 1514 434 1597 sanguinis
452 1516 473 1578 J
474 1536 533 1579 esn
548 1516 672 1580 Christi
688 1517 749 1579 filii
766 1518 840 1596 Dei,
859 1537 916 1601 per
933 1538 1030 1600 quem
1049 1524 1139 1581 totus
1155 1524 1315 1581 terrarum

210 1616 298 1681 orbis
325 1617 366 1681 ab
394 1618 529 1702 antiquo
558 1618 692 1683 humani
714 1621 841 1704 generis
864 1620 996 1684 inimico
1021 1619 1175 1684 liberatus
1199 1628 1259 1698 est,
1283 1630 1316 1685 et

212 1740 286 1783 cum
312 1720 399 1784 Juda
420 1720 544 1785 Christi
564 1722 728 1805 proditore
752 1722 883 1787 sinistra
903 1721 938 1785 in
960 1730 1051 1807 parte
1073 1721 1255 1806 deputatus,
1282 1723 1317 1786 ni

210 1823 300 1907 prius
314 1822 368 1887 hic
382 1823 481 1907 digna
494 1823 713 1888 satisfactione
727 1824 894 1889 humiliter
908 1824 1095 1909 poenituerit
1104 1825 1189 1908 quod
1204 1832 1318 1891 contra

212 1933 357 1989 sanctam
386 1924 450 1990 Dei
471 1925 639 1989 ecclesiam
660 1926 790 1990 rebellis
812 1948 906 2010 agere
927 1927 1176 2011 presumpserit,
1198 1948 1259 1992 nec
1281 1928 1316 1992 in

212 2028 278 2091 vita
299 2028 361 2092 hac
382 2028 524 2111 practica
544 2028 682 2107 veniam,
705 2050 765 2093 nec
786 2029 822 2092 in
843 2029 987 2095 theorice
1007 2030 1150 2114 requiem
1173 2037 1319 2115 apostata

211 2130 354 2213 optineat
379 2130 499 2209 ullam,
529 2139 579 2194 set
607 2131 738 2196 aeternia
765 2131 887 2196 baratn
910 2131 1066 2197 incendiis
1094 2140 1215 2212 trusus,
1242 2154 1316 2197 cum

213 2232 342 2297 Ananis
372 2241 406 2297 et
441 2233 579 2317 Saphira
607 2234 731 2317 jugiter
759 2234 959 2298 miserrimus
992 2235 1164 2299 crucietur.
1219 2237 1318 2300 Anno

214 2336 393 2400 Dominicae
413 2334 645 2400 incarnationis
670 2358 895 2401 nccccnxxn.
919 2336 1103 2402 Indictione
1126 2358 1175 2403 rx.
1199 2340 1318 2423 scripta

212 2447 261 2501 est
283 2438 352 2504 haec
369 2447 467 2517 carta,
486 2439 548 2501 hiis
565 2439 703 2504 testibus
722 2438 1007 2518 consentientibus,
1023 2461 1160 2523 quorum
1184 2442 1317 2507 inferius

213 2542 345 2608 uomina
359 2551 560 2608 caraxantur.

256 2650 297 2728 ›1‹
313 2648 385 2729 Ego
410 2646 551 2711 Adelrcd
576 2668 631 2712 rex
649 2647 756 2713 totius
779 2647 957 2711 Britanniae
981 2648 1147 2732 praefatam
1170 2648 1315 2713 donatio-

94 2813 98 2820 ,
213 2770 287 2812 nem
311 2771 386 2812 cnm
415 2749 521 2833 sigillo
535 2757 670 2837 *sannae
698 2750 802 2814 crucis
831 2749 1028 2814 confirmavi.
1106 2754 1147 2832 ›1‹
1164 2751 1316 2816 Dunstan

214 2851 465 2916 Dorobemensis
485 2853 627 2917 ecclesiae
644 2851 899 2936 archiepiscopus
917 2852 1060 2936 ejusdem
1080 2853 1165 2936 regis
1184 2853 1317 2919 benivo-

212 2954 345 3018 lentiam
375 2954 532 3019 consensi.
592 2957 632 3038 »ιη
649 2957 720 3038 Ego
745 2954 907 3020 Aisthrith
931 2955 1075 3040 ejusdem
1100 2956 1184 3038 regis
1214 2965 1318 3021 mater

212 3057 296 3121 hanc
325 3057 532 3122 donationem
561 3057 759 3123 confirmavi.
845 3057 1030 3139 ›1⁴0swald
1060 3058 1317 3145 archiepiscopus

211 3159 405 3243 triumphale
427 3159 608 3243 trophaeum
630 3161 710 3243 agiae
732 3160 836 3224 crucis
859 3160 1016 3244 impressi.
1076 3165 1117 3243 ›1‹
1134 3161 1316 3226 Adeluuold

213 3261 435 3326 Pictaviensis¹
460 3262 600 3327 ecclesiae
619 3263 786 3348 episeopus
808 3262 1000 3348 praedictum
1019 3263 1140 3328 donum
1161 3266 1318 3329 consensi.

213 3368 254 3446 ›1‹
270 3367 342 3448 Ego
364 3364 494 3429 Alistan
513 3364 748 3462 Londoniensis
770 3366 912 3430 ecclesiae
934 3367 1101 3451 episcopus
1123 3368 1319 3451 consignavi.
1439 3455 1446 3460 ι

214 3470 254 3551 ›1‹
270 3469 343 3550 Ego
366 3467 525 3552 Athelgar
548 3468 715 3552 episcopus
736 3468 919 3551 trophaeum
941 3469 1021 3552 agise
1042 3469 1146 3533 crucis
1168 3470 1318 3554 imposui.

215 3573 255 3654 ›1‹
272 3573 344 3654 Ego
358 3571 489 3635 Alfstan
511 3573 679 3655 episcopus
698 3571 836 3655 jubente
855 3591 930 3654 rege
947 3571 1076 3654 signum
1096 3573 1200 3638 crucis
1217 3573 1318 3637 infixi.

214 3675 342 3756 ›14Eg0
362 3674 492 3738 Alfstau
510 3675 678 3759 episcopus
697 3695 890 3738 consensum
913 3674 1036 3757 praebui
1056 3674 1158 3759 figens
1180 3697 1319 3740 enicem.

213 3778 254 3858 ,ᾧ
269 3778 342 3860 Ego
365 3776 486 3841 Athulf
504 3777 672 3860 episcopus
694 3775 798 3841 crucis
820 3776 952 3841 modum
974 3799 1074 3841 manu
1095 3779 1223 3862 propria
1244 3779 1319 3843 sub-

212 3879 335 3963 scripsi.
398 3881 524 3962 ›14Ego
552 3878 668 3943 AElhic
698 3879 874 3963 episcopus.
939 3881 979 3962 ›1‹
992 3880 1064 3962 Ego
1092 3879 1221 3944 AElfeah
1251 3882 1318 3964 epi-

214 4003 338 4066 seopus.
384 3981 816 4065 &EgoCerdiccpisoopus
858 3981 981 4064 ›14Ego
992 3981 1132 4045 AEdelric
1141 3982 1317 4066 episcopus.

214 4089 255 4167 ›1‹
270 4087 343 4168 Ego
368 4085 487 4150 Wulfr.
511 4086 688 4169 episcopus.
744 4088 784 4166 ›1‹
800 4084 873 4167 Ego
896 4083 1034 4148 Alchere
1056 4084 1131 4149 dux.
1195 4086 1235 4167 ›1‹
1247 4086 1319 4167 Ego

214 4189 398 4253 Athelvvine
412 4188 487 4251 dux.
532 4189 572 4270 ›1‹
589 4188 661 4269 Ego
678 4185 849 4271 Bryhtnod
864 4185 939 4249 dux.
986 4189 1026 4267 ›1‹
1043 4187 1114 4268 Ego
1128 4185 1319 4250 Athelbriht

214 4290 290 4354 dux.
330 4291 370 4372 ›1‹
385 4292 457 4373 Ego
466 4289 654 4354 Athelmere
662 4288 737 4353 dux.
776 4291 815 4371 ᾧ
834 4289 905 4370 Ego
916 4287 1063 4352 AEdvvine
1078 4287 1152 4350 dux.
1191 4291 1231 4369 ›1‹
1247 4289 1319 4370 Ego

589 4402 599 4434 ¹
618 4401 664 4455 Sic
675 4419 723 4475 pro
736 4400 942 4455 Wintoniensis.
