3234 5125
297 426 350 481 218
573 423 894 539 MisuuLLANEOJJs
913 424 1129 483 OHAR'I'ERS.

298 596 455 662 roboravi.
512 598 552 678 ›1‹
569 598 641 680 Ego
654 596 833 681 Byrhtferli
854 594 1013 661 minister.
1063 600 1103 680 ›1‹
1120 598 1192 680 Ego
1207 596 1405 683 AEbelweard

298 699 456 764 minister.
517 702 557 782 ›1‹
579 700 651 782 Ego
674 699 830 763 AEliwerd
857 699 1019 766 minister.
1080 703 1120 783 ›1‹
1137 701 1209 783 Ego
1235 700 1405 786 AEbelmaer

299 803 457 868 minister.
507 805 547 885 ›1‹
563 804 635 887 Ego
650 802 788 887 AElfsige
802 790 963 867 minister.
1017 805 1057 885 ›1‹
1074 802 1321 885 EgoWulfstan
1344 804 1405 867 mi·

295 906 410 971 nister.
457 908 497 988 ›1‹
513 907 585 989 Ego
599 905 714 970 AEliric
733 905 889 971 minister.
936 907 976 987 ›1‹
992 907 1064 989 Ego
1075 906 1229 971 AElsbeah
1246 906 1403 971 minister.

301 1009 340 1090 ›1‹
355 1006 575 1091 EgoEaldred
583 1007 740 1072 minister.
780 1010 908 1091 ³1⁴·Ego
919 1008 1075 1073 Leolstsn
1083 1008 1242 1073 minister.
1281 1011 1405 1093 &Ego

298 1110 447 1175 AEllbere
465 1109 541 1175 diix.
602 1114 643 1192 ›1‹
659 1112 731 1193 Ego
745 1110 914 1196 AEbelstan
939 1111 1013 1176 diix.
1074 1114 1114 1194 ›1‹
1136 1113 1207 1195 Ego
1227 1112 1404 1198 AEpelwine

298 1212 374 1277 dcix.
420 1215 461 1295 »Β
477 1214 548 1296 Ego
557 1213 730 1298 Byrhtnob
745 1212 822 1277 uox.
868 1216 908 1296 ›1‹
925 1215 997 1298 Ego
1012 1214 1139 1298 Ordgcr
1154 1213 1229 1279 diix.
1275 1217 1315 1297 ›1‹
1332 1216 1403 1298 Ego

299 1316 416 1381 AElfric
449 1316 557 1381 missis
618 1318 658 1398 ›1‹
675 1317 746 1400 Ego
763 1315 905 1381 Allwold
931 1317 1038 1383 minis.
1100 1321 1140 1401 ›1‹
1157 1320 1229 1402 Ego
1243 1318 1403 1403 wulfsige

298 1419 405 1485 minis.
452 1422 492 1502 ›1‹
508 1420 580 1502 Ego
596 1418 711 1502 Sigred
725 1418 832 1483 minis.
879 1421 919 1501 ›1‹
936 1422 1008 1502 Ego
1023 1420 1159 1485 Eadelm
1174 1420 1281 1485 minis

340 1525 456 1587 Dorso.
495 1524 535 1604 ›1‹
552 1522 607 1606 pis
635 1521 663 1584 is
695 1523 771 1607 bara
798 1542 829 1585 x.
900 1524 1015 1587 Dorso.
1048 1526 1088 1606 ›1‹
1105 1522 1183 1587 This
1198 1523 1226 1586 is
1241 1523 1297 1587 the
1310 1523 1401 1588 cher-

298 1627 437 1709 salunga
453 1625 515 1689 boc
530 1632 572 1689 set
587 1624 831 1711 Bromleagepe
870 1632 921 1689 ter
931 1626 968 1691 of
978 1626 1035 1690 the
1050 1646 1082 1689 x.
1097 1626 1231 1709 sulungs
1242 1634 1277 1689 st
1288 1627 1401 1691 Brom-

297 1728 427 1811 Eadgar
460 1727 535 1809 cing
565 1726 728 1812 gebooode
769 1729 830 1793 Sic
869 1728 932 1813 loy,
957 1728 1029 1793 that
1052 1729 1133 1813 king
1156 1729 1285 1812 Eadgar
1309 1730 1401 1793 cbar-

299 1832 430 1896 Andree
455 1830 577 1897 Cristes
611 1830 754 1915 apostole
786 1852 829 1896 on
869 1832 959 1896 tered
985 1823 1019 1897 to
1043 1832 1077 1896 S‘
1091 1832 1242 1910 Andreiv,
1265 1831 1402 1897 Christ’s

298 1956 354 2001 eoe
367 1934 446 2021 yrie.
870 1936 1002 2020 apostle,
1018 1936 1054 1999 in
1068 1936 1262 2021 perpetuity.

477 2401 496 2437 1
507 2394 605 2449 KING
622 2393 791 2449 EADGAR.
828 2393 909 2449 Jurrn
927 2396 986 2449 3nn
1004 2393 1241 2450 Dccoonxvr.

341 2546 382 2625 ›1‹
399 2544 441 2608 In
455 2542 588 2607 nomine
601 2547 712 2606 sancte
727 2548 761 2605 et
775 2539 942 2606 individue
953 2540 1134 2606 Trinitatis.
1172 2541 1244 2625 Ego
1255 2539 1402 2625 Edgarus

210 2671 214 2678 ·
296 2666 353 2708 rex
372 2654 406 2709 et
419 2645 559 2710 basileus
575 2645 681 2709 tocius
698 2644 838 2728 Angliae,
854 2643 964 2708 divino
986 2643 1159 2709 instinctus
1182 2643 1352 2708 admonitu
1369 2651 1403 2707 et

296 2757 405 2814 sancte
429 2748 687 2813 Dorobernensis
715 2747 850 2812 ecclesie
880 2747 1036 2811 antistitis
1061 2748 1226 2811 Dunstani
1254 2746 1402 2830 precibus

297 2851 403 2934 sepius
419 2858 593 2929 exortatus,
604 2835 704 2914 reddo
718 2858 751 2913 et
765 2850 907 2914 concedo
923 2859 1034 2913 sancte
1049 2850 1289 2915 Dorobernensi
1303 2850 1403 2915 eccle·

296 2954 342 3017 sie
359 2961 393 3018 et
407 2954 574 3018 monachis
595 2953 641 3018 ibi
663 2952 876 3017 servientibus
890 2953 972 3032 Deo,
991 2952 1026 3017 in
1045 2974 1160 3036 puram
1181 2953 1400 3033 elemosinam,

296 3063 425 3139 portum
435 3064 468 3120 et
476 3056 586 3120 villam
595 3055 635 3118 de
646 3055 844 3134 Sanduuich,
853 3055 973 3120 eisdem
989 3056 1156 3120 monachis
1164 3055 1242 3120 olim
1251 3055 1402 3136 ablatam,

297 3179 372 3222 cum
386 3159 537 3224 omnibus
554 3157 759 3222 libertatibus
777 3165 811 3222 et
826 3158 1114 3223 consuetudinibus
1129 3160 1225 3242 regiis
1241 3159 1282 3224 ad
1297 3158 1401 3224 Sand-

296 3261 395 3325 uuich
410 3260 657 3345 pertinentibus,
667 3281 730 3343 que
743 3282 803 3343 ego
815 3260 982 3344 aliquanto
996 3261 1106 3340 habui,
1117 3262 1165 3326 vel
1182 3262 1296 3346 aliquis
1311 3267 1401 3326 ante·

296 3385 460 3428 cessorum
481 3385 638 3443 meorum,
654 3385 694 3427 ex
707 3371 844 3447 utraque
859 3371 951 3447 perte
971 3385 1052 3447 eque
1070 3365 1301 3448 cujuscumque
1314 3371 1402 3428 terra

296 3468 373 3532 binc
387 3468 438 3532 vel
452 3467 526 3531 inde
540 3467 649 3532 buerit.
686 3467 846 3532 Praeterea
860 3469 1017 3532 confirmo
1033 3468 1080 3532 eis
1094 3489 1206 3532 omnes
1220 3467 1402 3532 mansiones

297 3592 376 3654 quas
400 3570 521 3635 babent
544 3571 579 3632 in
598 3570 672 3634 villa
694 3568 734 3633 de
755 3570 951 3648 Sanduuich,
970 3591 1034 3653 que
1058 3571 1104 3634 eis
1126 3571 1246 3635 collate
1265 3578 1342 3634 sunt
1364 3570 1401 3634 in

295 3696 409 3758 puram
424 3673 632 3738 elemosinam
643 3672 831 3738 afidelibns.
866 3673 964 3738 Unde
976 3674 1048 3738 volo
1060 3673 1147 3758 quod
1157 3674 1266 3737 nullus
1280 3673 1401 3737 ibidem

295 3775 412 3840 habeat
435 3776 563 3859 aliquod
582 3777 647 3860 jus,
671 3776 735 3840 nisi
757 3783 887 3840 tanturn
915 3776 1067 3840 monachi
1096 3777 1199 3840 nostri
1229 3776 1269 3840 de
1295 3777 1400 3841 Doro·

295 3880 417 3945 bernis.
452 3880 656 3964 Quicumque
671 3887 779 3944 autem
794 3879 880 3943 hanc
894 3900 1001 3942 meam
1015 3879 1197 3962 largifluam
1211 3878 1401 3944 munificen-

256 3963 263 3974 ’
294 3983 378 4047 ciam
398 3983 634 4067 interrumpere
660 3990 717 4046 aut
736 3981 857 4047 violare
881 3982 1128 4066 praesumpserit,
1144 3981 1400 4066 indignationem

295 4087 429 4150 Domini
443 4086 546 4151 nostri
560 4095 594 4149 et
610 4087 728 4149 Sancte
743 4085 850 4148 Marie
869 4093 903 4148 et
918 4086 1112 4150 Sanctorum
1127 4085 1283 4165 omnium,
1295 4085 1351 4170 qui
1365 4085 1400 4148 in

295 4190 534 4254 Dorobernensi
557 4188 690 4252 ecclesia
708 4187 925 4270 requiescunt,
950 4189 1106 4267 senciant,
1131 4188 1194 4252 nisi
1217 4196 1292 4252 ante
1315 4209 1399 4252 mor-

294 4303 361 4357 tem
376 4291 538 4356 emeudati
552 4291 683 4354 fuerint.

212 4438 216 4447 ·
337 4397 408 4478 Ego
418 4395 575 4478 Edgarus,
588 4416 644 4458 rex
659 4393 763 4458 tocius
773 4394 912 4476 Angliae,
924 4394 1000 4458 huic
1015 4394 1169 4460 codicello
1184 4415 1258 4458 mco
1272 4393 1403 4476 signum
