3234 5125
313 446 349 501 30
584 448 907 504 MISOELLANEOUS
928 448 1143 522 erramus.

313 619 389 685 vini
403 620 632 706 archiepiscopi
651 630 684 686 et
707 630 888 686 ceterorum
907 622 1089 707 principum
1109 642 1265 701 ιιιοοιιιιιι,
1281 620 1420 685 concedo

312 723 443 789 ecclesie
465 746 527 809 que
547 732 597 789 est
621 724 705 808 apud
728 724 863 789 Raculfe
888 732 922 788 et
947 724 1018 803 tibi,
1037 724 1214 790 Deneheah
1236 722 1328 801 abba,
1349 730 1420 786 tue·

313 847 376 910 qne
387 826 518 907 familie,
533 848 593 912 pro
608 828 712 892 salute
727 829 835 892 anime
851 848 930 905 mee,
947 828 1084 910 vectigal
1098 835 1133 891 et
1147 826 1307 891 tributum
1322 826 1420 888 unius

312 928 403 993 navis
416 928 451 993 in
466 938 562 1015 portu
576 952 613 994 ac
627 930 703 993 villa
717 950 779 1013 que
802 928 922 993 dicitur
936 930 1108 1009 Fordunic,
1125 930 1165 993 ad
1182 950 1273 1013 opus,
1288 935 1326 991 nt
1345 950 1417 1011 pre·

312 1030 399 1095 rann
420 1053 502 1111 sum,
518 1032 640 1095 familie
660 1032 777 1095 Sancte
793 1032 911 1110 Maria,
927 1032 1038 1116 quein
1055 1034 1124 1117 jam
1140 1031 1305 1095 nominata
1319 1032 1417 1095 eccle-

312 1133 360 1196 sia
373 1134 444 1198 Deo
458 1133 611 1198 serviunt.
645 1134 815 1218 Simulque
829 1134 979 1219 precipio,
994 1134 1029 1198 in
1044 1134 1175 1200 nomine
1188 1134 1418 1217 omnipotentis

312 1236 385 1315 Dei,
403 1236 561 1320 prefectis,
581 1236 761 1320 prepositis,
781 1246 814 1301 et
833 1236 1026 1315 actionariis,
1044 1244 1078 1300 et
1098 1237 1249 1300 omnibus
1271 1235 1417 1299 fidelibus

311 1338 367 1421 qui
381 1338 417 1401 in
431 1339 487 1403 illo
501 1346 598 1423 portu
612 1337 733 1403 habent
747 1339 798 1404 vel
812 1338 955 1403 habituri
969 1347 1045 1403 sunt
1059 1338 1200 1423 aliquam
1212 1347 1415 1423 potestatem,

310 1448 348 1504 ut
362 1441 422 1506 hec
435 1462 508 1506 mea
516 1441 648 1505 donatio
662 1440 705 1504 sit
719 1441 843 1507 stabilis
853 1448 886 1506 et
900 1442 994 1505 firma
1004 1442 1250 1525 imperpetuum.
1282 1440 1417 1507 Quodsi

312 1543 437 1627 aliquis,
451 1544 538 1628 quod
557 1543 652 1623 absit,
667 1543 729 1607 hoc
746 1565 856 1607 meum
871 1544 992 1608 donum
1007 1545 1126 1608 violare
1140 1544 1379 1627 presumpserit,
1396 1564 1416 1606 a

312 1647 384 1710 Deo
398 1653 431 1709 et
445 1645 564 1709 sanctis
578 1646 648 1727 ejus
663 1654 838 1729 separatus,
854 1645 981 1711 diabolo
996 1653 1030 1710 et
1043 1646 1167 1730 augelis
1184 1647 1254 1730 ejus
1272 1647 1315 1709 sit
1335 1667 1413 1710 con-

307 1750 450 1834 junctus.
497 1747 594 1815 Quod
620 1749 647 1812 si
673 1770 739 1812 una
763 1749 854 1836 navis
879 1748 1021 1833 predicte
1046 1748 1168 1813 familie
1193 1748 1322 1832 perierit
1347 1749 1412 1812 ool-

309 1852 435 1929 lisione,
448 1850 626 1929 ·fraotione,
648 1858 705 1914 aut
727 1858 896 1929 vetustate,
916 1850 1038 1915 iterum
1057 1851 1230 1915 restituant
1250 1850 1355 1931 aliam,
1378 1860 1413 1914 et

310 1953 422 2017 eadem
437 1952 620 2017 conditione
634 1952 784 2034 habeant,
801 1962 835 2018 et
849 1954 895 2017 sic
910 1953 945 2017 in
960 1963 1161 2038 perpetuum.

622 2278 1106 2287 -——-———————-——

332 2538 429 2596 KING
447 2540 691 2596 AETHELBALD
708 2541 756 2597 OF
774 2542 934 2598 MEROIA.
971 2543 1071 2599 SEPT.
1090 2545 1168 2600 29r11
1186 2543 1388 2600 Deuxnffl.

350 2689 392 2753 In
403 2689 532 2754 nomine
548 2689 683 2754 Domini
698 2688 761 2752 Dei
778 2688 953 2753 Salvatoris
967 2689 1070 2752 nostri
1086 2691 1107 2753 J
1109 2711 1165 2753 esu
1181 2691 1315 2755 Christi.
1373 2691 1409 2755 Si

305 2813 343 2856 ea
365 2814 427 2877 que
453 2792 598 2877 quisque,
622 2814 680 2877 pro
705 2791 888 2875 recipienda
910 2813 930 2854 a
951 2792 1022 2856 Deo
1044 2793 1199 2872 mercede,
1222 2793 1409 2859 hominibus

304 2894 401 2959 verbo
416 2917 475 2959 suo
493 2895 629 2978 largitur
643 2903 676 2958 et
691 2895 799 2972 donat,
813 2894 940 2958 stabilia
950 2894 1073 2978 jugiter
1086 2896 1266 2980 potuissent
1281 2896 1406 2975 durare,

304 3017 573 3080 supervacaneum
601 2996 764 3059 videretur
792 3003 830 3059 ut
859 2995 977 3060 litteris
1011 3005 1220 3061 narrarentur
1247 3020 1284 3063 ac
1312 3000 1406 3062 fulci-

304 3104 433 3176 renem
458 3097 513 3160 sed
535 3097 612 3160 dum
636 3097 676 3160 ad
698 3097 864 3180 probanda
885 3097 1003 3162 donata
1029 3099 1070 3162 ad
1090 3101 1407 3185 convincendumque
1463 3129 1476 3156 ι

304 3199 464 3262 volentem
479 3197 598 3263 donata
612 3198 796 3281 infringere,
812 3199 894 3263 nihil
909 3222 1038 3284 prorsus
1053 3201 1215 3266 robustius
1234 3223 1304 3268 esse
1318 3202 1405 3267 vide-

303 3309 358 3364 tur
372 3322 468 3384 quam
483 3300 666 3365 donationis
684 3301 836 3386 [cartula]
856 3303 1004 3367 manibus
1024 3313 1193 3368 auctorum
1217 3327 1254 3368 ac
1271 3305 1405 3369 testium

303 3402 461 3481 roborate,
488 3424 554 3467 non
578 3402 729 3467 inmerito
751 3403 883 3488 plurimi
906 3412 1032 3489 petunt,
1056 3414 1093 3470 ut
1115 3428 1177 3490 que
1199 3407 1246 3470 eis
1271 3409 1405 3491 prestita

302 3504 515 3590 dinoscuntur
527 3505 719 3588 paginaliter
745 3508 995 3586 confirmentur;
1026 3530 1164 3592 quorum
1178 3511 1402 3593 postulationi-

302 3605 363 3670 bus
376 3614 469 3670 tanto
483 3606 636 3670 libentius
656 3615 812 3692 tantoque
831 3609 1014 3694 prompcius
1034 3632 1208 3676 consensus
1223 3612 1404 3696 prebendas

253 3763 261 3780 ,
301 3716 361 3786 est,
385 3716 506 3792 quanto
524 3716 557 3772 et
575 3709 710 3793 illisqui
731 3719 915 3793 precatores
934 3719 1011 3776 sunt
1029 3713 1140 3777 utilior
1154 3734 1205 3778 res
1225 3716 1402 3779 secundum

300 3808 361 3874 hoc
375 3810 500 3874 visibile
519 3811 663 3876 seculum
683 3834 769 3877 nunc
791 3813 976 3898 impertitur
990 3822 1024 3879 et
1040 3815 1105 3880 illis
1125 3815 1181 3899 qui
1201 3838 1402 3884 concessores

299 3912 453 3990 existunt,
465 3933 523 3996 pro
544 3913 709 3996 impertito
731 3936 827 3999 opere
845 3915 985 3999 pietatis,
1001 3917 1132 3981 uberior
1148 3918 1272 3983 fructus
1289 3941 1402 3986 secun-

297 4013 376 4078 dum
399 4013 557 4079 invisibile
572 4015 777 4099 postmodum
800 4016 971 4081 tribuetur.
1017 4018 1235 4085 Quamobrem
1258 4042 1319 4106 ego
1341 4027 1400 4088 AE-

296 4115 476 4180 thelbaldus
497 4138 554 4180 rex
575 4117 784 4196 Merciorum,
807 4119 1010 4202 presentibus
1032 4121 1187 4206 apicibus,
1211 4123 1318 4189 indico
1347 4149 1400 4191 me

296 4218 487 4283 concessisse
506 4228 601 4302 atque
623 4219 766 4298 donasse,
783 4242 841 4305 pro
864 4221 970 4285 anime
991 4244 1063 4287 mee
1082 4223 1195 4304 salute,
1217 4226 1398 4308 Mildritbe,

296 4320 442 4404 religiose
465 4321 634 4398 abbatisse,
650 4321 782 4405 ejusque
805 4322 980 4387 venerabili
999 4323 1130 4404 familie,
1147 4347 1210 4410 que
1233 4350 1299 4392 nna
1324 4351 1398 4395 cum

295 4445 332 4486 ea
361 4431 567 4487 conversatur
592 4423 628 4490 in
652 4423 757 4488 insula
782 4424 927 4504 Thenet,
954 4434 1057 4490 totam
1083 4429 1284 4494 exactionem
1307 4434 1398 4498 navis
