3234 5125
453 398 462 415 .
498 362 818 418 MISCELLANEOUS
838 364 1059 419 CHABTERS:
1131 424 1132 427 Ἴ
1277 366 1328 419 199

224 530 332 614 inopie
354 531 447 614 petiit
470 552 490 594 a
511 553 564 595 me
585 532 747 615 quoddam
769 533 1021 613 amminiculum,
1043 534 1098 616 qui
1122 536 1327 599 commodans

225 632 255 696 ei
274 654 348 697 xxx.
368 632 467 697 libras
485 619 620 717 argenti,
644 634 769 717 suscepi
790 635 831 698 ab
855 656 894 699 eo
915 655 991 699 vm.
1011 656 1138 699 mansas
1162 636 1326 719 eujusdam

224 734 349 798 telluris
362 735 399 797 in
414 736 610 814 Hanewelle,
626 744 659 800 et
673 736 781 799 addidi
795 736 866 801 loco
884 758 958 821 sepe
973 738 1149 802 nominato.
1195 739 1281 801 Item
1296 760 1326 802 x.

225 846 365 901 cassatos
382 838 447 900 emi
465 837 505 901 ab
522 838 651 920 AElfego
669 838 750 903 duee
767 839 914 903 ducentis
935 840 1096 904 manenais
1115 842 1185 903 auri
1203 842 1238 903 in
1257 841 1327 904 loco

225 941 280 1023 qui
311 939 495 1025 Sunnabyri
525 940 654 1019 dicitur,
677 949 711 1004 et
732 941 805 1005 dedi
828 942 960 1024 proefato
979 941 1123 1005 cenobio.
1168 942 1212 1005 Et
1237 942 1326 1005 illam

225 1044 454 1126 possessionem
482 1043 518 1105 in
543 1046 739 1127 Scepertnne
761 1044 827 1107 emi
853 1044 893 1108 ab
915 1044 1059 1109 Ealfleda
1079 1044 1176 1109 vidua
1198 1065 1248 1109 nx.
1272 1044 1327 1108 Bi-

226 1146 346 1209 aanteis
370 1144 522 1224 nummis,
552 1153 586 1209 et
609 1145 682 1211 dedi
707 1146 778 1211 loeo
806 1147 1003 1231 praescripto·
1058 1148 1144 1211 Item
1170 1146 1326 1211 AElfhelm

225 1248 353 1331 Wolga‚
372 1270 430 1331 pro
450 1248 557 1312 anime
577 1270 634 1312 sue
651 1249 803 1327 remedio,
821 1269 853 1313 v.
869 1270 996 1312 mansas
1013 1249 1149 1331 largitus
1166 1257 1215 1313 est
1233 1271 1327 1313 ceno·

225 1351 302 1415 bitis
324 1351 359 1414 in
373 1352 614 1415 Westmmrster
632 1352 903 1431 conversantibus,
921 1351 955 1414 in
972 1354 1043 1415 loco
1063 1352 1118 1435 qui
1137 1352 1326 1417 Brikandun

225 1452 347 1536 vulgari
369 1454 562 1517 vocitamine
587 1453 715 1517 dicitm.
768 1455 855 1517 Item
877 1454 1025 1519 AElfwine
1051 1454 1219 1537 praeleetus
1241 1456 1328 1538 regis

225 1555 265 1619 de
284 1556 603 1619 Kent111.cassatos
624 1556 758 1620 cenobio
777 1556 922 1639 praefato,
937 1578 994 1641 pro
1015 1558 1157 1619 animula
1176 1578 1235 1620 sua
1251 1578 1327 1621 eon·

221 1659 382 1741 jugisque,
397 1658 533 1740 largitus
550 1658 652 1721 estin
669 1657 741 1722 loco
756 1660 812 1741 qui
831 1658 1024 1723 Sillinetune
1038 1658 1166 1723 dicitur.
1210 1660 1254 1723 Et
1273 1658 1329 1721 illa

225 1761 380 1843 possessio
397 1760 433 1822 in
450 1760 599 1838 Pernam,
614 1766 687 1843 post
702 1761 771 1823 dies
786 1761 950 1847 Wulnopi,
968 1760 1079 1824 redeat
1101 1760 1141 1823 ad
1158 1760 1327 1843 praefatum

225 1863 403 1941 cenobium,
420 1884 517 1945 quam
535 1862 576 1926 ab
594 1862 706 1926 eodem
720 1871 881 1927 mercatus
896 1884 968 1926 sum
982 1884 1055 1926 xxx.
1072 1864 1232 1927 mancusis
1246 1863 1326 1926 auri.

224 1964 269 2027 Et
288 1965 369 2029 illud
389 1964 579 2047 praediolum
601 1965 635 2027 in
658 1966 841 2029 Padintune
863 1964 1013 2029 aecclesiae
1035 1965 1187 2047 praedicte
1209 1965 1327 2029 addidi.

225 2067 311 2130 Item
340 2066 496 2149 praedium
523 2066 604 2130 illud
633 2067 668 2129 in
690 2067 846 2131 Cofenlea
875 2056 1006 2151 praefate
1035 2067 1186 2131 aecclesiae
1215 2067 1326 2151 adjeci.

225 2169 310 2232 Item
327 2169 484 2252 predium
501 2169 538 2231 in
551 2169 686 2233 AEwelle
704 2169 753 2232 illi
771 2176 884 2233 sancto
901 2170 972 2234 loco
994 2169 1030 2232 in
1050 2176 1237 2253 perpetuam
1255 2190 1327 2253 per-

225 2270 340 2334 strinxi
355 2271 596 2354 possessionem.

267 2375 340 2456 Ego
356 2374 523 2457 Eadgarus
539 2395 596 2437 rex
614 2374 797 2456 Anglorum
815 2374 913 2459 hujus
933 2374 1092 2439 libertatis
1110 2376 1327 2455 donationem,

225 2474 499 2540 culminis'totim
522 2476 665 2559 regimen
689 2476 881 2564 gubernans,
906 2476 1053 2559 episcopo
1077 2478 1249 2541 Dunstano
1273 2478 1327 2541 de·

225 2580 394 2660 siderante,
403 2579 541 2644 libenter
555 2581 754 2658 concessi,·et
767 2580 861 2663 signo
876 2563 988 2644 sancto
1002 2580 1155 2662 regiaque
1170 2588 1329 2663 potestate

225 2683 371 2748 roboravi
387 2687 427 2765 »Β
437 2683 472 2745 in
483 2682 605 2746 Christi
619 2683 760 2761 nomine,
776 2681 838 2746 sub
857 2681 973 2745 horum
989 2681 1176 2746 testimonio
1191 2703 1329 2764 quorum

226 2787 357 2850 nomina
376 2786 550 2849 flavescunt
569 2785 662 2848 infra.
709 2788 748 2866 »Β
765 2785 837 2867 Ego
857 2785 1059 2862 Dunstanus,
1083 2805 1119 2847 ac
1140 2784 1167 2848 si
1182 2793 1329 2868 peccator

225 2895 258 2951 et
285 2888 417 2952 nomine
439 2894 568 2950 tantum
593 2887 770 2970 episcopus,
797 2886 881 2950 banc
910 2886 1068 2950 libertatis
1095 2887 1256 2950 scedulam
1280 2887 1328 2950 in-

225 2991 386 3073 pressione
411 2989 509 3072 sigilli
526 2991 629 3054 nostri
649 2998 682 3053 et
702 2990 802 3073 anuli,
826 2991 957 3073 insuper
980 2998 1013 3054 et
1036 2989 1194 3072 agalmate
1220 2997 1329 3055 sancte

226 3092 339 3170 crucis,
363 3091 533 3173 diligenter
554 3092 757 3173 consignavi;
783 3113 820 3155 ae
842 3091 957 3155 deinde
980 3091 1128 3156 manibus
1152 3091 1192 3155 ad
1212 3094 1329 3158 coelum

226 3194 365 3258 extensis
384 3194 469 3258 dixi:
492 3194 528 3257 Si
543 3193 615 3276 quis
632 3194 716 3258 hanc
734 3193 965 3258 munificentiae
982 3194 1166 3258 libertatem
1180 3203 1329 3259 sanctum

225 3297 603 3381 praedictumquelocum,
613 3297 648 3359 in
661 3298 767 3376 terris,
776 3297 827 3362 rel
843 3297 986 3375 decimis,
997 3297 1046 3360 vel
1056 3297 1126 3360 aliis
1140 3297 1329 3377 redditibus,

226 3421 282 3463 seu
307 3400 343 3462 in
375 3399 492 3482 aliquo,
516 3399 636 3462 nostris
665 3408 699 3462 et
728 3399 848 3462 futuris
876 3399 1084 3482 temporibus,
1116 3399 1330 3466 melioraverit

226 3503 275 3565 vel
299 3502 476 3579 adauxerit,
503 3510 620 3584 augeat
644 3502 693 3565 illi
717 3504 806 3566 Deus
835 3503 1059 3585 perpetuitatis
1085 3503 1329 3582 beatitudinem,

226 3613 321 3687 atque
354 3604 390 3666 in
417 3604 537 3667 nostris
569 3603 769 3668 orationibus
796 3612 830 3667 et
858 3604 1081 3669 benedictione
1110 3606 1150 3674 ab
1180 3607 1330 3670 omnibus

225 3707 365 3790 peccatis
385 3707 452 3770 suia
476 3707 641 3770 absolutus
660 3707 808 3770 soeliciter
825 3715 1021 3790 permaneat.
1068 3707 1134 3772 Qui
1154 3730 1229 3772 vero
1246 3708 1329 3773 banc

225 3817 370 3873 nostram
390 3809 616 3872 auctoritatem
635 3809 685 3872 vel
706 3809 947 3872 immunitatem
966 3809 1142 3892 infringere
1160 3810 1329 3888 voluerint,

225 3913 275 3975 rel
304 3911 383 3974 alios
407 3910 531 3974 adhoc
557 3911 779 3990 conduxerint,
800 3919 833 3974 et
853 3918 921 3974 tam
945 3932 982 3974 ea
1006 3932 1067 3994 que
1084 3912 1255 3994 praeteritis
1278 3911 1328 3975 vel

225 4015 344 4077 nostris
365 4013 563 4096 temporibus
581 4021 658 4076 sunt
672 4013 747 4077 data
762 4034 859 4097 quam
877 4035 914 4077 ea
935 4034 997 4096 qne
1015 4014 1050 4076 in
1069 4013 1179 4077 futuro
1194 4036 1215 4077 a
1228 4013 1329 4078 fideli-

225 4117 285 4180 bus
307 4117 414 4180 danda
435 4124 522 4194 sunt,
546 4117 663 4180 stolido
678 4117 846 4180 conamine
861 4115 1028 4180 absumere
1043 4117 1264 4199 cogitaverint,
1281 4119 1330 4180 vel

98 4227 101 4231 ’
225 4220 356 4303 aliquod
371 4219 626 4297 amminiculum,
642 4227 698 4282 aut
717 4218 842 4297 calices,
858 4226 914 4281 aut
934 4239 1054 4296 cruces,
1069 4240 1126 4282 seu
1143 4219 1332 4283 indumenta

225 4325 345 4402 altaris,
362 4324 412 4387 vel
431 4344 538 4387 saeros
558 4323 692 4402 codices,
712 4343 837 4400 aurum,
859 4328 1039 4404 argentum,
1056 4321 1106 4385 vel
1125 4322 1330 4404 qualemcun-
