3234 5125
476 411 796 469 MlSCELLANElOUS
815 414 1026 470 OHARTERS.
1285 418 1304 469 ὅ

197 581 316 645 tutoris
331 583 435 647 nostri
450 584 600 667 Gregorii
614 585 881 668 comprobacione
895 595 929 651 et
944 588 1135 653 auctoritate
1148 587 1305 657 servanda

198 685 372 765 sancimus,
396 706 519 771 suoque
547 706 603 751 ore
632 690 872 767 confirmamus,
894 699 1041 776 presente
1066 692 1205 774 glorioso
1227 714 1304 776 rege

198 788 401 867 Athelberto,
428 810 502 854 cum
531 791 597 855 filio
623 811 681 855 suo
703 790 927 873 Athelbaldo¹,
949 804 983 859 et
1005 794 1207 860 collaudante
1228 818 1304 863 ctam

199 890 269 974 ipso
284 890 434 957 omuibus
448 892 657 978 optimatibus
671 895 776 978 regiis,
793 904 890 979 atque
912 897 998 962 ultro
1019 897 1200 964 volentibus
1214 921 1304 965 reve·

199 994 392 1059 rentissimis
414 995 567 1061 fratribus
591 998 721 1077 nostris,
746 1019 766 1061 a
787 1006 899 1064 sancta
921 1000 1070 1064 Romana
1088 1002 1223 1066 ecclesia
1238 1003 1303 1069 huo

199 1118 327 1161 meeum
350 1097 400 1161 vel
419 1097 460 1161 ad
482 1118 534 1161 me
555 1098 590 1163 in
612 1100 813 1183 evangelium
832 1097 966 1165 Domini
984 1102 1162 1181 destinatis,
1183 1104 1304 1171 scilicet

201 1200 392 1279 Laurencio,
404 1222 499 1284 quem
514 1201 607 1266 nobis
621 1203 693 1266 Deo
703 1200 831 1268 favente
842 1226 1057 1270 successorem
1066 1207 1303 1288 constituimus,

202 1312 236 1367 et
254 1304 384 1369 Mellito
401 1305 569 1369 Londonie
590 1304 747 1390 episcopo,
767 1315 800 1371 et
824 1308 921 1372 Justo
942 1308 1075 1372 Rosensi
1093 1309 1251 1394 episcopo,
1272 1317 1305 1373 et

202 1405 297 1469 Petro
311 1406 485 1471 venerabili
510 1408 652 1492 ejusdem
674 1409 862 1473 monasterii
883 1410 1064 1495 principum
1088 1412 1305 1496 apostolorum

198 1508 317 1573 abbate
345 1509 461 1594 primo,
492 1531 566 1574 cum
597 1512 713 1576 ceteris
741 1511 776 1575 in
806 1512 950 1577 Domino
979 1513 1181 1597 adjutoribus
1212 1516 1305 1596 meis,

201 1610 320 1675 obnixe
335 1612 583 1695 postulantibus,
599 1613 762 1697 simulque
780 1614 816 1677 in
837 1615 961 1698 eosqui
976 1614 1036 1680 heo
1050 1616 1187 1681 fideliter
1200 1638 1305 1683 serva·

202 1714 309 1777 verint
336 1715 612 1793 benedictionem
636 1725 692 1779 aut
716 1717 750 1779 in
775 1717 1013 1801 impenitentes,
1035 1719 1120 1803 quod
1143 1721 1304 1801 nolumus,

202 1825 462 1901 transgressores,
478 1818 740 1902 dampnationem
754 1820 987 1887 exercentibus.
1075 1878 1078 1884 .

395 2343 414 2379 ¹
426 2335 523 2391 KING
541 2335 725 2391 EADBALD
741 2336 790 2391 OF
807 2336 922 2392 ΚΕΝΤ.
956 2337 1123 2395 Dexvm.

207 2501 301 2582 ›1⁴In
313 2500 443 2564 nomine
455 2500 561 2566 Patris
576 2508 609 2565 et
619 2500 692 2566 Filii
704 2507 736 2566 et
750 2500 889 2586 Spiritus
901 2502 1024 2568 Sancti.
1047 2502 1307 2588 EgoAEdbaldus

206 2626 272 2682 rex,
293 2593 421 2688 gloriosi
446 2602 532 2686 regis
557 2603 753 2668 AEthelberti
782 2605 876 2683 filius,
901 2626 996 2689 quem
1021 2607 1250 2689 prothodoctor
1274 2615 1308 2670 et

206 2706 369 2790 apostolus
393 2705 574 2789 Auglorum
596 2706 800 2790 Augustinus
824 2728 899 2770 cum
921 2728 980 2772 suo
1001 2729 1101 2792 regno
1126 2709 1167 2773 ab
1189 2709 1309 2773 eternis

205 2808 381 2873 inferorum
402 2807 597 2872 cruciatibus
611 2808 739 2892 eripuit,
755 2815 787 2872 et
802 2807 986 2872 dealbatum
1001 2810 1091 2874 fonte
1105 2810 1308 2894 baptismatis

206 2920 392 2977 sanctorum
415 2912 549 2995 collegio
571 2912 744 2996 copulavit,
764 2932 824 2998 per
844 2912 1058 2976 venerabilem
1080 2913 1307 2994 Laurencium,

204 3015 293 3080 beati
317 3015 492 3098 Augustini
522 3013 723 3098 discipulum,
740 3035 836 3097 quem
857 3013 925 3097 ipse
946 3022 1038 3098 pater
1057 3015 1182 3080 novelle
1204 3016 1309 3082 adhuc

206 3121 388 3202 Anglorum
403 3117 534 3183 ecclesie
549 3117 610 3180 sibi
625 3137 839 3181 successorem
854 3117 890 3180 in
905 3117 1210 3202 archiepiscopatum
1224 3120 1309 3184 ordi·

206 3229 349 3300 naverat,
375 3220 508 3286 tandem
532 3219 732 3284 sermonibus
754 3219 889 3284 assiduis
911 3229 945 3284 et
965 3220 1066 3304 signis
1091 3243 1128 3286 ac
1151 3222 1253 3308 plagis
1273 3223 1309 3290 in

207 3324 311 3410 seipso
325 3345 383 3407 pro
397 3345 449 3387 me
465 3323 565 3407 passis
583 3344 620 3386 ac
639 3322 785 3402 ostensis,
804 3345 824 3386 a
842 3321 1009 3388 volutabro
1032 3324 1190 3390 scelerum
1211 3325 1309 3408 lotus,

207 3435 241 3492 et
261 3426 301 3490 ad
324 3426 523 3510 agnitionem
538 3425 701 3490 Creatoris
724 3424 870 3488 omnium
894 3434 1114 3490 creaturarum
1131 3437 1308 3511 promotus,

208 3530 386 3594 Dominum
408 3529 515 3594 Deum
535 3549 645 3592 meum
670 3548 863 3610 recognosco
885 3536 918 3594 et
940 3527 1049 3596 adoro.
1093 3531 1233 3595 Proinde
1250 3553 1310 3616 ego

208 3631 387 3700 AEdbaldua
410 3631 445 3694 in
464 3631 544 3695 solio
567 3640 700 3716 paterno
724 3631 941 3710 confirmabas,
961 3631 1063 3716 patris
1083 3633 1218 3718 vestigia
1236 3634 1309 3698 imi-

208 3725 292 3815 tans,
308 3743 341 3800 et
361 3735 509 3800 ecclesias
525 3735 587 3799 Dei
603 3755 681 3817 quas
695 3733 831 3798 viriliter
847 3733 1003 3797 instantia
1018 3735 1120 3819 patris
1134 3737 1311 3820 Augustini

203 3839 363 3918 fundavit,
393 3847 426 3904 et
455 3839 549 3903 terris
572 3837 746 3920 multisque
775 3836 952 3901 honoribus
980 3836 1105 3917 ditavit,
1129 3860 1250 3922 augens
1275 3850 1310 3904 et

207 3943 411 4022 confirmans,
427 3941 623 4005 monasterio
638 3940 857 4023 apostolorum
873 3940 962 4004 Petri
980 3948 1013 4004 et
1031 3940 1124 4006 Pauli
1143 3942 1178 4006 in
1196 3942 1310 4006 subur-

206 4047 260 4111 bio
285 4045 482 4120 Dorovernie
501 4045 640 4110 civitatis
654 4043 799 4123 fundato,
822 4052 856 4108 et
881 4043 1083 4128 prerogativo
1100 4046 1311 4111 ecclesiastice

206 4150 366 4213 libertatis
389 4148 555 4232 privilegio
575 4147 711 4226 munito,
726 4147 822 4210 terris
840 4169 878 4210 ac
891 4146 987 4213 variis
1001 4147 1176 4214 honoribus
1195 4149 1309 4228 ditato,

207 4252 248 4316 ad
262 4253 417 4316 honorem
434 4251 495 4316 Dei
510 4259 543 4316 et
557 4259 742 4316 sanctorum
758 4248 975 4334 apostolorum
992 4251 1167 4334 sanctique
1182 4252 1311 4335 Augus·

670 4404 678 4438 ¹
697 4399 845 4457 Eadbaldo.
933 4418 936 4422 ⁴
