3234 5125
500 460 822 517 MISOELLANEOUS
841 462 1054 517 CHARTERS.
1277 463 1332 516 453

228 628 396 710 adquisitis
414 630 594 697 fautoribus
610 633 802 717 quibusdam
817 635 917 698 etiam
933 656 972 699 ex
988 632 1177 712 consiliariis
1191 633 1332 717 episcopi

227 733 362 814 pecunia
382 755 450 812 sua,
467 735 626 818 spondens
641 757 777 820 quoque,
793 758 828 801 se
847 737 1047 800 nominatam
1064 736 1233 820 pecuniam
1250 756 1331 799 uno·

228 857 355 919 quoque
376 859 461 900 anno
480 860 539 921 pro
558 859 597 902 ea
618 839 807 922 persolvere,
827 841 958 924 insuper
979 841 1079 904 etiam
1097 837 1218 923 atejus
1235 845 1331 902 terrae

227 937 442 1016 medietatem,
467 961 539 1023 quae
561 949 637 1004 ante
659 941 767 1004 ablata
788 941 905 1020 fuerat,
927 950 1002 1025 post
1024 949 1150 1006 certum
1173 961 1331 1004 annorum

226 1041 375 1123 spatium,
399 1061 433 1105 se
455 1042 603 1123 promisit
626 1043 708 1107 velle
729 1044 926 1108 monasterio
947 1043 1175 1127 redintegrare,
1198 1065 1332 1108 suorum

225 1142 372 1226 precibus
390 1150 424 1206 et
441 1144 583 1208 consiliis
599 1144 714 1225 victus,
734 1146 856 1229 quievit
875 1147 1052 1230 episcopus.
1098 1148 1241 1230 Accepta
1258 1167 1332 1210 vero

226 1254 322 1324 terra,
352 1245 450 1311 abbas
479 1247 532 1310 vix
561 1268 646 1310 anno
675 1270 742 1313 uno
771 1250 1017 1314 conventionem
1047 1250 1162 1313 tenuit.
1216 1250 1332 1313 Fracta

227 1358 335 1414 autem
354 1350 574 1429 conventione,
594 1358 626 1414 et
646 1351 714 1435 ipse
738 1359 843 1416 morte
862 1353 1019 1416 multatus
1038 1359 1097 1417 est.
1143 1353 1222 1416 Post
1239 1353 1332 1436 cujus

225 1451 364 1530 obitum,
380 1461 418 1516 ut
434 1453 503 1537 jam
522 1453 672 1532 diximus,
689 1453 763 1518 Odo
780 1454 958 1538 episcopua,
974 1456 1073 1519 irater
1086 1454 1181 1538 regis,
1197 1454 1332 1518 eandem

222 1562 356 1632 terram,
377 1555 474 1619 sicuti
493 1563 527 1619 et
546 1576 658 1619 omnes
678 1556 757 1620 alias
777 1579 857 1640 quas
873 1558 1015 1636 tenebat,
1033 1565 1141 1641 preter
1160 1558 1332 1636 abbatiam,

224 1659 342 1725 invasit
350 1685 360 1738 3
384 1659 493 1744 sicque
507 1682 527 1722 a
541 1660 728 1724 monasterii
743 1660 889 1725 dominio
903 1661 1053 1726 deviavit.

521 1948 1012 1960 ψ

222 2109 459 2223 λ,ιιιιιιοιιιιιιΕ
476 2151 619 2208 esaum
637 2153 688 2206 nn
703 2152 881 2208 orrconu
898 2151 1116 2222 nmmum,
1133 2153 1226 2234 ross
1241 2154 1332 2219 Quo-

348 2257 455 2312 nooo
473 2255 686 2311 rasurum
704 2255 773 2310 nsr
791 2255 954 2311 Pnrnnrr
973 2256 1210 2322 snucnurnu
1237 2311 1245 2322 ,

267 2403 471 2467 Nobilissimi
489 2402 639 2467 Edwardi
656 2403 741 2486 regis
759 2403 951 2486 Anglorum‚
972 2425 1010 2466 ac
1032 2403 1203 2488 Eadgythe
1219 2405 1331 2487 regino

222 2507 360 2572 licencia
370 2506 632 2592 testimonioque,
644 2505 836 2571 venerabilis
848 2505 1054 2589 Egelwardus
1064 2507 1161 2571 abbas
1173 2507 1333 2587 Glaston,

225 2634 298 2674 oum
322 2613 426 2675 tocius
450 2610 711 2693 congregacionis
731 2632 788 2673 sue
808 2632 976 2687 consensu,
999 2611 1141 2693 prestitit
1162 2611 1335 2695 Eadgythe

228 2713 424 2799 Hemmingp
438 2714 548 2777 relicte
564 2712 724 2797 quandam
739 2713 849 2775 villam
865 2712 1049 2777 Uffaculma
1065 2722 1281 2797 nuncupatur,
1299 2717 1334 2777 in

226 2816 338 2879 diebus
355 2818 425 2901 ejus
444 2824 584 2894 tantum,
601 2816 720 2900 etipsa
741 2816 770 2878 ei
790 2824 913 2899 septem
932 2836 1057 2879 marcas
1078 2816 1149 2879 auri
1168 2817 1203 2879 in
1221 2818 1332 2880 numia

226 2918 366 2997 donavit,
383 2940 445 3002 que
463 2918 564 2982 eciam
582 2918 685 2982 filium
703 2939 808 2997 suum,
825 2939 864 2982 eo
883 2918 968 3002 quod
984 2919 1100 2982 mulier
1115 2928 1209 2998 esset,
1226 2940 1337 2991 coram

225 3022 343 3086 comite
369 3021 556 3105 Godevvyno
578 3022 798 3105 universisque
827 3021 1003 3106 majoribus
1031 3022 1194 3105 provincie
1217 3023 1335 3102 Exon,

223 3125 309 3209 quod
338 3132 411 3209 post
440 3124 526 3188 illius
555 3124 682 3189 obitum
708 3124 845 3188 humum
869 3146 960 3189 suam
988 3126 1108 3188 Sancto
1133 3124 1242 3189 Maria
1265 3147 1332 3190 non

223 3236 307 3292 osset
325 3228 476 3306 amisum,
494 3227 588 3291 fidem
609 3226 718 3292 abbati
736 3235 915 3291 memorato
936 3248 1010 3291 curn
1025 3227 1236 3312 jurejurando
1257 3228 1334 3294 dare

221 3330 374 3414 precepit.
410 3330 454 3394 Et
468 3336 506 3393 ut
519 3330 579 3393 heo
594 3329 766 3395 convencio
781 3330 906 3393 stabilis
920 3337 1003 3393 esset
1018 3352 1055 3393 ac
1069 3331 1174 3409 firma,
1189 3332 1328 3397 sedecim

168 3506 173 3517 ,
223 3434 252 3497 ei
272 3432 406 3497 tradidit
425 3432 539 3498 vades:
563 3434 768 3511 Leauricum,
786 3432 945 3511 videlicet,
963 3432 1086 3516 prefate
1103 3432 1242 3498 civitatis
1262 3435 1330 3518 epi·

221 3558 364 3620 scopum,
388 3542 422 3600 et
448 3534 661 3599 Godevinum
680 3536 832 3600 comitem
842 3564 851 3614 ;
879 3536 1015 3600 aliorum
1034 3557 1111 3600 vero
1128 3537 1246 3600 vadum
1264 3560 1324 3602 no-

222 3639 311 3702 mina
325 3637 404 3702 alibi
413 3638 550 3722 pleniter
565 3638 759 3702 scribuntur.
805 3638 880 3704 Quo
895 3638 981 3702 facto
995 3660 1071 3702 mox
1085 3660 1193 3702 coram
1208 3640 1326 3724 populo

223 3742 403 3820 assistente,
428 3742 567 3805 cartinas
592 3749 659 3805 tres
688 3740 827 3805 scribere
852 3742 1030 3825 jusserunt,
1061 3762 1197 3824 quarum
1227 3765 1326 3806 unam

221 3852 419 3910 memoratus
428 3844 594 3929 episcopus
610 3865 719 3908 secum
734 3844 879 3921 retinuit,
896 3843 1031 3906 alteram
1041 3864 1116 3907 vero
1131 3842 1250 3923 abbati,
1263 3854 1327 3908 ter-

224 3948 306 4012 ciam
326 3955 436 4012 autem
456 3947 584 4011 mulieri
606 3946 750 4025 tradunt,
771 3946 940 4030 inquibus
960 3945 1020 4009 hec
1040 3946 1215 4010 convencio
1233 3954 1266 4010 et
1288 3968 1328 4011 ex

223 4051 476 4115 communicacio
499 4050 562 4113 ista
586 4050 707 4133 scripta
732 4055 781 4113 est
803 4070 901 4133 quam
930 4048 1096 4131 episcopus
1119 4047 1200 4111 hora
1223 4048 1333 4113 eadem

224 4174 331 4217 coram
347 4152 497 4218 omnibus
508 4152 594 4231 fecit,
607 4152 764 4231 videlicet,
776 4160 814 4215 ut
829 4152 933 4215 omnis
944 4170 1108 4234 perquem
1122 4149 1182 4213 hec
1197 4152 1337 4217 statucio

224 4256 408 4336 violaretur,
420 4256 600 4341 privaretur
614 4262 647 4319 et
662 4256 730 4338 ipse
744 4276 846 4338 regno
855 4254 976 4332 celesti,
989 4260 1022 4317 et
1033 4252 1244 4318 infernalibus
1259 4254 1334 4320 sub·

224 4360 353 4424 deretur
361 4359 463 4444 penis,
473 4359 537 4422 nisi
546 4378 614 4423 sese
625 4354 851 4441 resipiscendo,
860 4356 900 4420 ad
911 4355 1126 4441 penitenciam
1137 4367 1336 4424 converteret

223 4484 412 4548 congruam.
460 4463 556 4527 Hanc
571 4462 671 4545 igitur
682 4454 858 4538 Walterns,
867 4456 942 4524 com
957 4458 1018 4523 sibi
1035 4459 1178 4525 duxisset
1193 4482 1337 4527 uxorerm
