<?xml version="1.0" encoding="UTF-8"?>
<!DOCTYPE html PUBLIC "-//W3C//DTD XHTML 1.0 Transitional//EN"
    "http://www.w3.org/TR/xhtml1/DTD/xhtml1-transitional.dtd">
<html xmlns="http://www.w3.org/1999/xhtml" xml:lang="en" lang="en">
 <head>
  <title>
</title>
<meta http-equiv="Content-Type" content="text/html;charset=utf-8" />
  <meta name='ocr-system' content='tesseract 3.04.00' />
  <meta name='ocr-capabilities' content='ocr_page ocr_carea ocr_par ocr_line ocrx_word'/>
</head>
<body>
  <div class='ocr_page' id='page_1' title='image "./diplomatariuman02thorgoog_0594.png"; bbox 0 0 3234 5125; ppageno 0'>
   <div class='ocr_carea' id='block_1_1' title="bbox 293 415 917 472">
    <p class='ocr_par' dir='ltr' id='par_1_1' title="bbox 293 415 917 472">
     <span class='ocr_line' id='line_1_1' title="bbox 293 415 917 472; baseline -0.003 0"><span class='ocrx_word' id='word_1_1' title='bbox 293 419 346 472; x_wconf 74' lang='lat'><strong>552</strong></span> <span class='ocrx_word' id='word_1_2' title='bbox 785 415 917 470; x_wconf 70' lang='lat' dir='ltr'><strong>Wrnle.</strong></span> 
     </span>
    </p>
   </div>
   <div class='ocr_carea' id='block_1_2' title="bbox 217 581 1407 3140">
    <p class='ocr_par' dir='ltr' id='par_1_2' title="bbox 217 581 1407 3140">
     <span class='ocr_line' id='line_1_2' title="bbox 294 581 1402 669; baseline -0.005 -20"><span class='ocrx_word' id='word_1_3' title='bbox 294 593 416 650; x_wconf 86' lang='lat' dir='ltr'><strong>emerat</strong></span> <span class='ocrx_word' id='word_1_4' title='bbox 436 583 521 669; x_wconf 82' lang='lat' dir='ltr'><strong>apud</strong></span> <span class='ocrx_word' id='word_1_5' title='bbox 535 583 769 667; x_wconf 80' lang='lat' dir='ltr'><strong>Walingslord,</strong></span> <span class='ocrx_word' id='word_1_6' title='bbox 790 592 829 647; x_wconf 89' lang='lat' dir='ltr'><strong>ut</strong></span> <span class='ocrx_word' id='word_1_7' title='bbox 847 582 1002 667; x_wconf 88' lang='lat' dir='ltr'><strong>quamdiu</strong></span> <span class='ocrx_word' id='word_1_8' title='bbox 1019 583 1141 647; x_wconf 85' lang='lat' dir='ltr'><strong>vireret</strong></span> <span class='ocrx_word' id='word_1_9' title='bbox 1158 581 1345 666; x_wconf 64' lang='lat' dir='ltr'><strong>pomderet,</strong></span> <span class='ocrx_word' id='word_1_10' title='bbox 1364 588 1402 644; x_wconf 93' lang='lat' dir='ltr'><strong>et</strong></span> 
     </span>
     <span class='ocr_line' id='line_1_3' title="bbox 295 685 1405 774; baseline -0.005 -22"><span class='ocrx_word' id='word_1_11' title='bbox 295 697 369 774; x_wconf 88' lang='lat' dir='ltr'><strong>post</strong></span> <span class='ocrx_word' id='word_1_12' title='bbox 383 687 454 772; x_wconf 89' lang='lat' dir='ltr'><strong>ejus</strong></span> <span class='ocrx_word' id='word_1_13' title='bbox 468 687 632 752; x_wconf 74' lang='lat' dir='ltr'><strong>decessum</strong></span> <span class='ocrx_word' id='word_1_14' title='bbox 646 687 787 752; x_wconf 72' lang='lat' dir='ltr'><strong>aecclesia</strong></span> <span class='ocrx_word' id='word_1_15' title='bbox 801 687 841 751; x_wconf 91' lang='lat' dir='ltr'><strong>dc</strong></span> <span class='ocrx_word' id='word_1_16' title='bbox 857 685 1005 772; x_wconf 75' lang='lat' dir='ltr'><strong>Ceolsiga</strong></span> <span class='ocrx_word' id='word_1_17' title='bbox 1017 685 1120 771; x_wconf 89' lang='lat' dir='ltr'><strong>ipsius</strong></span> <span class='ocrx_word' id='word_1_18' title='bbox 1132 685 1302 750; x_wconf 89' lang='lat' dir='ltr'><strong>dominatu</strong></span> <span class='ocrx_word' id='word_1_19' title='bbox 1315 691 1405 748; x_wconf 86' lang='lat' dir='ltr'><strong>terre</strong></span> 
     </span>
     <span class='ocr_line' id='line_1_4' title="bbox 296 787 1402 876; baseline -0.007 -18"><span class='ocrx_word' id='word_1_20' title='bbox 296 793 465 876; x_wconf 89' lang='lat' dir='ltr'><strong>potiretur.</strong></span> <span class='ocrx_word' id='word_1_21' title='bbox 510 790 676 856; x_wconf 81' lang='lat' dir='ltr'><strong>AEoclesiae</strong></span> <span class='ocrx_word' id='word_1_22' title='bbox 700 790 812 855; x_wconf 82' lang='lat' dir='ltr'><strong>Sancti</strong></span> <span class='ocrx_word' id='word_1_23' title='bbox 834 789 954 855; x_wconf 89' lang='lat' dir='ltr'><strong>Albani</strong></span> <span class='ocrx_word' id='word_1_24' title='bbox 974 797 1096 854; x_wconf 84' lang='lat' dir='ltr'><strong>terram</strong></span> <span class='ocrx_word' id='word_1_25' title='bbox 1124 787 1210 873; x_wconf 89' lang='lat' dir='ltr'><strong>apud</strong></span> <span class='ocrx_word' id='word_1_26' title='bbox 1231 787 1341 853; x_wconf 72' lang='lat' dir='ltr'><strong>&#39;lirun</strong></span> <span class='ocrx_word' id='word_1_27' title='bbox 1366 794 1402 850; x_wconf 83' lang='lat' dir='ltr'><strong>et</strong></span> 
     </span>
     <span class='ocr_line' id='line_1_5' title="bbox 297 889 1401 978; baseline -0.005 -19"><span class='ocrx_word' id='word_1_28' title='bbox 297 894 430 978; x_wconf 85' lang='lat' dir='ltr'><strong>Osanig,</strong></span> <span class='ocrx_word' id='word_1_29' title='bbox 457 913 532 958; x_wconf 90' lang='lat' dir='ltr'><strong>cum</strong></span> <span class='ocrx_word' id='word_1_30' title='bbox 555 899 642 957; x_wconf 89' lang='lat' dir='ltr'><strong>terra</strong></span> <span class='ocrx_word' id='word_1_31' title='bbox 664 893 704 956; x_wconf 87' lang='lat' dir='ltr'><strong>de</strong></span> <span class='ocrx_word' id='word_1_32' title='bbox 728 891 900 958; x_wconf 84' lang='lat' dir='ltr'><strong>Lundouia</strong></span> <span class='ocrx_word' id='word_1_33' title='bbox 924 913 1022 976; x_wconf 91' lang='lat' dir='ltr'><strong>quam</strong></span> <span class='ocrx_word' id='word_1_34' title='bbox 1044 899 1167 956; x_wconf 83' lang='lat' dir='ltr'><strong>emerat</strong></span> <span class='ocrx_word' id='word_1_35' title='bbox 1187 891 1273 956; x_wconf 87' lang='lat' dir='ltr'><strong>idem</strong></span> <span class='ocrx_word' id='word_1_36' title='bbox 1296 889 1401 954; x_wconf 86' lang='lat' dir='ltr'><strong>archi·</strong></span> 
     </span>
     <span class='ocr_line' id='line_1_6' title="bbox 297 993 1405 1082; baseline -0.005 -20"><span class='ocrx_word' id='word_1_37' title='bbox 297 998 473 1082; x_wconf 82' lang='lat' dir='ltr'><strong>episcopua.</strong></span> <span class='ocrx_word' id='word_1_38' title='bbox 519 997 602 1064; x_wconf 80' lang='lat' dir='ltr'><strong>Quoe</strong></span> <span class='ocrx_word' id='word_1_39' title='bbox 619 997 729 1061; x_wconf 87' lang='lat' dir='ltr'><strong>omnia</strong></span> <span class='ocrx_word' id='word_1_40' title='bbox 750 996 882 1081; x_wconf 87' lang='lat' dir='ltr'><strong>quidam</strong></span> <span class='ocrx_word' id='word_1_41' title='bbox 899 996 1065 1061; x_wconf 84' lang='lat' dir='ltr'><strong>Ceolrieus</strong></span> <span class='ocrx_word' id='word_1_42' title='bbox 1081 1004 1163 1061; x_wconf 88' lang='lat' dir='ltr'><strong>tunc</strong></span> <span class='ocrx_word' id='word_1_43' title='bbox 1182 994 1324 1073; x_wconf 71' lang='lat' dir='ltr'><strong>tenebat,</strong></span> <span class='ocrx_word' id='word_1_44' title='bbox 1345 993 1405 1057; x_wconf 89' lang='lat' dir='ltr'><strong>sed</strong></span> 
     </span>
     <span class='ocr_line' id='line_1_7' title="bbox 297 1097 1401 1184; baseline -0.006 -18"><span class='ocrx_word' id='word_1_45' title='bbox 297 1100 472 1166; x_wconf 65' lang='lat' dir='ltr'><strong>mundum</strong></span> <span class='ocrx_word' id='word_1_46' title='bbox 498 1099 585 1184; x_wconf 91' lang='lat' dir='ltr'><strong>quod</strong></span> <span class='ocrx_word' id='word_1_47' title='bbox 607 1098 843 1184; x_wconf 79' lang='lat' dir='ltr'><strong>archiepiscopo</strong></span> <span class='ocrx_word' id='word_1_48' title='bbox 866 1100 901 1164; x_wconf 92' lang='lat' dir='ltr'><strong>in</strong></span> <span class='ocrx_word' id='word_1_49' title='bbox 924 1100 1137 1165; x_wconf 84' lang='lat' dir='ltr'><strong>conventione</strong></span> <span class='ocrx_word' id='word_1_50' title='bbox 1166 1097 1304 1163; x_wconf 82' lang='lat' dir='ltr'><strong>habehat</strong></span> <span class='ocrx_word' id='word_1_51' title='bbox 1326 1105 1401 1182; x_wconf 90' lang='lat' dir='ltr'><strong>post</strong></span> 
     </span>
     <span class='ocr_line' id='line_1_8' title="bbox 297 1201 1402 1287; baseline -0.002 -21"><span class='ocrx_word' id='word_1_52' title='bbox 297 1204 364 1268; x_wconf 85' lang='lat' dir='ltr'><strong>vite</strong></span> <span class='ocrx_word' id='word_1_53' title='bbox 384 1203 472 1267; x_wconf 88' lang='lat' dir='ltr'><strong>illins</strong></span> <span class='ocrx_word' id='word_1_54' title='bbox 495 1201 554 1267; x_wconf 84' lang='lat' dir='ltr'><strong>viri</strong></span> <span class='ocrx_word' id='word_1_55' title='bbox 578 1203 676 1266; x_wconf 88' lang='lat' dir='ltr'><strong>finem</strong></span> <span class='ocrx_word' id='word_1_56' title='bbox 695 1201 736 1267; x_wconf 86' lang='lat' dir='ltr'><strong>ad</strong></span> <span class='ocrx_word' id='word_1_57' title='bbox 757 1202 943 1287; x_wconf 85' lang='lat' dir='ltr'><strong>praedictam</strong></span> <span class='ocrx_word' id='word_1_58' title='bbox 965 1203 1143 1268; x_wconf 70' lang='lat' dir='ltr'><strong>{ecclesiam</strong></span> <span class='ocrx_word' id='word_1_59' title='bbox 1163 1201 1305 1268; x_wconf 83' lang='lat' dir='ltr'><strong>martiris</strong></span> <span class='ocrx_word' id='word_1_60' title='bbox 1325 1201 1402 1264; x_wconf 92' lang='lat' dir='ltr'><strong>nni·</strong></span> 
     </span>
     <span class='ocr_line' id='line_1_9' title="bbox 298 1303 1402 1386; baseline -0.004 -16"><span class='ocrx_word' id='word_1_61' title='bbox 298 1326 389 1370; x_wconf 86' lang='lat' dir='ltr'><strong>versa</strong></span> <span class='ocrx_word' id='word_1_62' title='bbox 409 1303 562 1370; x_wconf 78' lang='lat' dir='ltr'><strong>redirent.</strong></span> <span class='ocrx_word' id='word_1_63' title='bbox 599 1305 715 1370; x_wconf 84' lang='lat' dir='ltr'><strong>Libros</strong></span> <span class='ocrx_word' id='word_1_64' title='bbox 738 1304 836 1370; x_wconf 85' lang='lat' dir='ltr'><strong>etiam</strong></span> <span class='ocrx_word' id='word_1_65' title='bbox 858 1326 935 1370; x_wconf 86' lang='lat' dir='ltr'><strong>suos</strong></span> <span class='ocrx_word' id='word_1_66' title='bbox 952 1305 1120 1370; x_wconf 82' lang='lat' dir='ltr'><strong>universos</strong></span> <span class='ocrx_word' id='word_1_67' title='bbox 1141 1304 1209 1370; x_wconf 90' lang='lat' dir='ltr'><strong>illic</strong></span> <span class='ocrx_word' id='word_1_68' title='bbox 1232 1303 1402 1386; x_wconf 80' lang='lat' dir='ltr'><strong>delegarit,</strong></span> 
     </span>
     <span class='ocr_line' id='line_1_10' title="bbox 298 1407 1404 1493; baseline -0.003 -20"><span class='ocrx_word' id='word_1_69' title='bbox 298 1409 501 1492; x_wconf 81' lang='lat' dir='ltr'><strong>precepitque</strong></span> <span class='ocrx_word' id='word_1_70' title='bbox 522 1417 561 1472; x_wconf 88' lang='lat' dir='ltr'><strong>ut</strong></span> <span class='ocrx_word' id='word_1_71' title='bbox 583 1407 623 1472; x_wconf 91' lang='lat' dir='ltr'><strong>de</strong></span> <span class='ocrx_word' id='word_1_72' title='bbox 644 1407 710 1472; x_wconf 90' lang='lat' dir='ltr'><strong>suis</strong></span> <span class='ocrx_word' id='word_1_73' title='bbox 731 1407 868 1493; x_wconf 87' lang='lat' dir='ltr'><strong>propriis</strong></span> <span class='ocrx_word' id='word_1_74' title='bbox 889 1408 1037 1493; x_wconf 74' lang='lat' dir='ltr'><strong>expensis</strong></span> <span class='ocrx_word' id='word_1_75' title='bbox 1057 1407 1210 1492; x_wconf 90' lang='lat' dir='ltr'><strong>quioquid</strong></span> <span class='ocrx_word' id='word_1_76' title='bbox 1230 1407 1267 1471; x_wconf 90' lang='lat' dir='ltr'><strong>in</strong></span> <span class='ocrx_word' id='word_1_77' title='bbox 1287 1414 1404 1470; x_wconf 88' lang='lat' dir='ltr'><strong>mutuo</strong></span> 
     </span>
     <span class='ocr_line' id='line_1_11' title="bbox 298 1509 1405 1596; baseline -0.003 -21"><span class='ocrx_word' id='word_1_78' title='bbox 298 1511 340 1576; x_wconf 89' lang='lat' dir='ltr'><strong>ab</strong></span> <span class='ocrx_word' id='word_1_79' title='bbox 369 1511 477 1596; x_wconf 82' lang='lat' dir='ltr'><strong>aliquo</strong></span> <span class='ocrx_word' id='word_1_80' title='bbox 506 1519 673 1595; x_wconf 83' lang='lat' dir='ltr'><strong>acceptum</strong></span> <span class='ocrx_word' id='word_1_81' title='bbox 701 1518 771 1575; x_wconf 86' lang='lat' dir='ltr'><strong>erat</strong></span> <span class='ocrx_word' id='word_1_82' title='bbox 800 1511 1034 1591; x_wconf 74' lang='lat' dir='ltr'><strong>restitueretur,</strong></span> <span class='ocrx_word' id='word_1_83' title='bbox 1064 1519 1100 1576; x_wconf 88' lang='lat' dir='ltr'><strong>et</strong></span> <span class='ocrx_word' id='word_1_84' title='bbox 1129 1517 1237 1576; x_wconf 85' lang='lat' dir='ltr'><strong>cetera</strong></span> <span class='ocrx_word' id='word_1_85' title='bbox 1264 1509 1300 1574; x_wconf 90' lang='lat' dir='ltr'><strong>in</strong></span> <span class='ocrx_word' id='word_1_86' title='bbox 1332 1509 1405 1592; x_wconf 85' lang='lat' dir='ltr'><strong>ejus</strong></span> 
     </span>
     <span class='ocr_line' id='line_1_12' title="bbox 298 1611 1404 1698; baseline -0.002 -22"><span class='ocrx_word' id='word_1_87' title='bbox 298 1613 440 1697; x_wconf 84' lang='lat' dir='ltr'><strong>exequiis</strong></span> <span class='ocrx_word' id='word_1_88' title='bbox 468 1611 733 1696; x_wconf 70' lang='lat' dir='ltr'><strong>expenderentur.</strong></span> <span class='ocrx_word' id='word_1_89' title='bbox 788 1613 912 1698; x_wconf 88' lang='lat' dir='ltr'><strong>Populo</strong></span> <span class='ocrx_word' id='word_1_90' title='bbox 941 1613 1057 1678; x_wconf 83' lang='lat' dir='ltr'><strong>Cautio</strong></span> <span class='ocrx_word' id='word_1_91' title='bbox 1085 1633 1186 1677; x_wconf 89' lang='lat' dir='ltr'><strong>unam</strong></span> <span class='ocrx_word' id='word_1_92' title='bbox 1214 1632 1340 1690; x_wconf 87' lang='lat' dir='ltr'><strong>narem,</strong></span> <span class='ocrx_word' id='word_1_93' title='bbox 1368 1618 1404 1674; x_wconf 90' lang='lat' dir='ltr'><strong>et</strong></span> 
     </span>
     <span class='ocr_line' id='line_1_13' title="bbox 299 1714 1403 1800; baseline 0 -20"><span class='ocrx_word' id='word_1_94' title='bbox 299 1715 432 1780; x_wconf 86' lang='lat' dir='ltr'><strong>alteram</strong></span> <span class='ocrx_word' id='word_1_95' title='bbox 448 1715 538 1800; x_wconf 76' lang='lat' dir='ltr'><strong>genti</strong></span> <span class='ocrx_word' id='word_1_96' title='bbox 552 1714 735 1780; x_wconf 83' lang='lat' dir='ltr'><strong>Wiltescire</strong></span> <span class='ocrx_word' id='word_1_97' title='bbox 746 1716 844 1800; x_wconf 90' lang='lat' dir='ltr'><strong>jussit</strong></span> <span class='ocrx_word' id='word_1_98' title='bbox 858 1715 980 1799; x_wconf 74' lang='lat' dir='ltr'><strong>largiri.</strong></span> <span class='ocrx_word' id='word_1_99' title='bbox 1027 1715 1165 1800; x_wconf 84' lang='lat' dir='ltr'><strong>Reliqua</strong></span> <span class='ocrx_word' id='word_1_100' title='bbox 1178 1715 1327 1780; x_wconf 85' lang='lat' dir='ltr'><strong>universa</strong></span> <span class='ocrx_word' id='word_1_101' title='bbox 1340 1733 1403 1797; x_wconf 81' lang='lat' dir='ltr'><strong>que</strong></span> 
     </span>
     <span class='ocr_line' id='line_1_14' title="bbox 299 1817 1403 1903; baseline -0.002 -21"><span class='ocrx_word' id='word_1_102' title='bbox 299 1841 357 1883; x_wconf 84' lang='lat' dir='ltr'><strong>sua</strong></span> <span class='ocrx_word' id='word_1_103' title='bbox 371 1817 563 1883; x_wconf 82' lang='lat' dir='ltr'><strong>videbantur</strong></span> <span class='ocrx_word' id='word_1_104' title='bbox 581 1839 650 1882; x_wconf 90' lang='lat' dir='ltr'><strong>esse</strong></span> <span class='ocrx_word' id='word_1_105' title='bbox 668 1817 823 1882; x_wconf 91' lang='lat' dir='ltr'><strong>domnum</strong></span> <span class='ocrx_word' id='word_1_106' title='bbox 837 1819 1037 1883; x_wconf 82' lang='lat' dir='ltr'><strong>Wlfstauum</strong></span> <span class='ocrx_word' id='word_1_107' title='bbox 1057 1819 1241 1903; x_wconf 88' lang='lat' dir='ltr'><strong>episcopum</strong></span> <span class='ocrx_word' id='word_1_108' title='bbox 1259 1825 1294 1882; x_wconf 88' lang='lat' dir='ltr'><strong>et</strong></span> <span class='ocrx_word' id='word_1_109' title='bbox 1307 1817 1403 1882; x_wconf 74' lang='lat' dir='ltr'><strong>Ireof-</strong></span> 
     </span>
     <span class='ocr_line' id='line_1_15' title="bbox 300 1919 1404 2006; baseline 0 -22"><span class='ocrx_word' id='word_1_110' title='bbox 300 1920 403 1986; x_wconf 87' lang='lat' dir='ltr'><strong>rioum</strong></span> <span class='ocrx_word' id='word_1_111' title='bbox 424 1920 574 1984; x_wconf 81' lang='lat' dir='ltr'><strong>abbatem</strong></span> <span class='ocrx_word' id='word_1_112' title='bbox 591 1919 729 2004; x_wconf 84' lang='lat' dir='ltr'><strong>rogavit,</strong></span> <span class='ocrx_word' id='word_1_113' title='bbox 740 1919 895 2003; x_wconf 81' lang='lat' dir='ltr'><strong>quatinus</strong></span> <span class='ocrx_word' id='word_1_114' title='bbox 912 1943 971 1986; x_wconf 85' lang='lat' dir='ltr'><strong>sua</strong></span> <span class='ocrx_word' id='word_1_115' title='bbox 984 1921 1194 2006; x_wconf 86' lang='lat' dir='ltr'><strong>providentia,</strong></span> <span class='ocrx_word' id='word_1_116' title='bbox 1209 1941 1274 2005; x_wconf 90' lang='lat' dir='ltr'><strong>quo</strong></span> <span class='ocrx_word' id='word_1_117' title='bbox 1288 1919 1404 1985; x_wconf 84' lang='lat' dir='ltr'><strong>melius</strong></span> 
     </span>
     <span class='ocr_line' id='line_1_16' title="bbox 299 2015 1403 2106; baseline 0 -20"><span class='ocrx_word' id='word_1_118' title='bbox 299 2022 514 2101; x_wconf 77' lang='lat' dir='ltr'><strong>consulerent,</strong></span> <span class='ocrx_word' id='word_1_119' title='bbox 530 2021 744 2106; x_wconf 83' lang='lat' dir='ltr'><strong>dispertirent.</strong></span> <span class='ocrx_word' id='word_1_120' title='bbox 792 2021 963 2088; x_wconf 85' lang='lat' dir='ltr'><strong>Sororibus</strong></span> <span class='ocrx_word' id='word_1_121' title='bbox 980 2024 1049 2088; x_wconf 88' lang='lat' dir='ltr'><strong>suis</strong></span> <span class='ocrx_word' id='word_1_122' title='bbox 1067 2033 1102 2089; x_wconf 88' lang='lat' dir='ltr'><strong>et</strong></span> <span class='ocrx_word' id='word_1_123' title='bbox 1118 2045 1228 2088; x_wconf 87' lang='lat' dir='ltr'><strong>earum</strong></span> <span class='ocrx_word' id='word_1_124' title='bbox 1247 2015 1403 2086; x_wconf 81' lang='lat' dir='ltr'><strong>filiis&#39;ter·</strong></span> 
     </span>
     <span class='ocr_line' id='line_1_17' title="bbox 299 2123 1403 2210; baseline 0.001 -22"><span class='ocrx_word' id='word_1_125' title='bbox 299 2145 369 2188; x_wconf 86' lang='lat' dir='ltr'><strong>ram</strong></span> <span class='ocrx_word' id='word_1_126' title='bbox 392 2123 431 2188; x_wconf 91' lang='lat' dir='ltr'><strong>de</strong></span> <span class='ocrx_word' id='word_1_127' title='bbox 454 2123 656 2189; x_wconf 82' lang='lat' dir='ltr'><strong>Fittinctune</strong></span> <span class='ocrx_word' id='word_1_128' title='bbox 677 2131 711 2188; x_wconf 90' lang='lat' dir='ltr'><strong>et</strong></span> <span class='ocrx_word' id='word_1_129' title='bbox 732 2123 931 2190; x_wconf 84' lang='lat' dir='ltr'><strong>Niwentune</strong></span> <span class='ocrx_word' id='word_1_130' title='bbox 951 2126 1109 2206; x_wconf 71' lang='lat' dir='ltr'><strong>eontulit,</strong></span> <span class='ocrx_word' id='word_1_131' title='bbox 1136 2134 1170 2192; x_wconf 90' lang='lat' dir='ltr'><strong>et</strong></span> <span class='ocrx_word' id='word_1_132' title='bbox 1192 2134 1403 2210; x_wconf 72' lang='lat' dir='ltr'><strong>terramque</strong></span> 
     </span>
     <span class='ocr_line' id='line_1_18' title="bbox 300 2225 1404 2313; baseline 0 -21"><span class='ocrx_word' id='word_1_133' title='bbox 300 2234 370 2292; x_wconf 88' lang='lat' dir='ltr'><strong>erat</strong></span> <span class='ocrx_word' id='word_1_134' title='bbox 384 2225 511 2309; x_wconf 79' lang='lat' dir='ltr'><strong>Alleugi</strong></span> <span class='ocrx_word' id='word_1_135' title='bbox 528 2225 587 2289; x_wconf 88' lang='lat' dir='ltr'><strong>filii</strong></span> <span class='ocrx_word' id='word_1_136' title='bbox 606 2225 687 2291; x_wconf 87' lang='lat' dir='ltr'><strong>Esni</strong></span> <span class='ocrx_word' id='word_1_137' title='bbox 705 2226 848 2291; x_wconf 81' lang='lat' dir='ltr'><strong>restituit</strong></span> <span class='ocrx_word' id='word_1_138' title='bbox 867 2227 908 2292; x_wconf 88' lang='lat' dir='ltr'><strong>iis</strong></span> <span class='ocrx_word' id='word_1_139' title='bbox 928 2229 1045 2312; x_wconf 87' lang='lat' dir='ltr'><strong>quibus</strong></span> <span class='ocrx_word' id='word_1_140' title='bbox 1062 2229 1189 2313; x_wconf 88' lang='lat' dir='ltr'><strong>proprie</strong></span> <span class='ocrx_word' id='word_1_141' title='bbox 1205 2228 1404 2313; x_wconf 86' lang='lat' dir='ltr'><strong>pertinuerat</strong></span> 
     </span>
     <span class='ocr_line' id='line_1_19' title="bbox 300 2328 1404 2416; baseline 0.003 -24"><span class='ocrx_word' id='word_1_142' title='bbox 300 2329 428 2394; x_wconf 87' lang='lat' dir='ltr'><strong>habere.</strong></span> <span class='ocrx_word' id='word_1_143' title='bbox 467 2329 597 2393; x_wconf 92' lang='lat' dir='ltr'><strong>Domno</strong></span> <span class='ocrx_word' id='word_1_144' title='bbox 610 2328 773 2393; x_wconf 82' lang='lat' dir='ltr'><strong>Wlfstauo</strong></span> <span class='ocrx_word' id='word_1_145' title='bbox 788 2329 1025 2416; x_wconf 73' lang='lat' dir='ltr'><strong>archiepiscopo</strong></span> <span class='ocrx_word' id='word_1_146' title='bbox 1040 2352 1063 2396; x_wconf 89' lang='lat'><strong>1.</strong></span> <span class='ocrx_word' id='word_1_147' title='bbox 1079 2331 1313 2416; x_wconf 85' lang='lat' dir='ltr'><strong>philacterium,</strong></span> <span class='ocrx_word' id='word_1_148' title='bbox 1328 2351 1404 2395; x_wconf 89' lang='lat' dir='ltr'><strong>cum</strong></span> 
     </span>
     <span class='ocr_line' id='line_1_20' title="bbox 301 2429 1403 2520; baseline 0.003 -26"><span class='ocrx_word' id='word_1_149' title='bbox 301 2453 324 2495; x_wconf 90' lang='lat'><strong>1.</strong></span> <span class='ocrx_word' id='word_1_150' title='bbox 341 2431 438 2496; x_wconf 89' lang='lat' dir='ltr'><strong>anulo</strong></span> <span class='ocrx_word' id='word_1_151' title='bbox 458 2439 491 2495; x_wconf 88' lang='lat' dir='ltr'><strong>ct</strong></span> <span class='ocrx_word' id='word_1_152' title='bbox 509 2429 618 2496; x_wconf 85' lang='lat' dir='ltr'><strong>codiee</strong></span> <span class='ocrx_word' id='word_1_153' title='bbox 637 2431 801 2516; x_wconf 82' lang='lat' dir='ltr'><strong>psalterii3</strong></span> <span class='ocrx_word' id='word_1_154' title='bbox 828 2432 884 2496; x_wconf 93' lang='lat' dir='ltr'><strong>sed</strong></span> <span class='ocrx_word' id='word_1_155' title='bbox 906 2440 940 2498; x_wconf 91' lang='lat' dir='ltr'><strong>et</strong></span> <span class='ocrx_word' id='word_1_156' title='bbox 957 2433 1120 2519; x_wconf 78' lang='lat' dir='ltr'><strong>Altheago</strong></span> <span class='ocrx_word' id='word_1_157' title='bbox 1139 2435 1287 2520; x_wconf 90' lang='lat' dir='ltr'><strong>episcopo</strong></span> <span class='ocrx_word' id='word_1_158' title='bbox 1302 2453 1403 2498; x_wconf 89' lang='lat' dir='ltr'><strong>unam</strong></span> 
     </span>
     <span class='ocr_line' id='line_1_21' title="bbox 301 2533 1403 2622; baseline 0.002 -23"><span class='ocrx_word' id='word_1_159' title='bbox 301 2553 428 2599; x_wconf 86' lang='lat' dir='ltr'><strong>crucem</strong></span> <span class='ocrx_word' id='word_1_160' title='bbox 452 2533 487 2599; x_wconf 92' lang='lat' dir='ltr'><strong>in</strong></span> <span class='ocrx_word' id='word_1_161' title='bbox 511 2555 603 2598; x_wconf 87' lang='lat' dir='ltr'><strong>suam</strong></span> <span class='ocrx_word' id='word_1_162' title='bbox 626 2533 817 2599; x_wconf 88' lang='lat' dir='ltr'><strong>memoriam</strong></span> <span class='ocrx_word' id='word_1_163' title='bbox 843 2533 942 2600; x_wconf 87' lang='lat' dir='ltr'><strong>dedit.</strong></span> <span class='ocrx_word' id='word_1_164' title='bbox 987 2536 1107 2603; x_wconf 87' lang='lat' dir='ltr'><strong>Debita</strong></span> <span class='ocrx_word' id='word_1_165' title='bbox 1131 2558 1194 2622; x_wconf 92' lang='lat' dir='ltr'><strong>que</strong></span> <span class='ocrx_word' id='word_1_166' title='bbox 1222 2536 1283 2602; x_wconf 91' lang='lat' dir='ltr'><strong>sibi</strong></span> <span class='ocrx_word' id='word_1_167' title='bbox 1306 2535 1403 2601; x_wconf 88' lang='lat' dir='ltr'><strong>debe·</strong></span> 
     </span>
     <span class='ocr_line' id='line_1_22' title="bbox 217 2635 1404 2725; baseline 0.001 -23"><span class='ocrx_word' id='word_1_168' title='bbox 217 2677 220 2683; x_wconf 90' lang='lat'>·</span> <span class='ocrx_word' id='word_1_169' title='bbox 300 2637 420 2702; x_wconf 89' lang='lat' dir='ltr'><strong>bantur</strong></span> <span class='ocrx_word' id='word_1_170' title='bbox 438 2658 457 2701; x_wconf 89' lang='lat' dir='ltr'><strong>a</strong></span> <span class='ocrx_word' id='word_1_171' title='bbox 474 2635 586 2701; x_wconf 89' lang='lat' dir='ltr'><strong>multis</strong></span> <span class='ocrx_word' id='word_1_172' title='bbox 603 2636 721 2720; x_wconf 87' lang='lat' dir='ltr'><strong>passim</strong></span> <span class='ocrx_word' id='word_1_173' title='bbox 741 2636 944 2702; x_wconf 82' lang='lat' dir='ltr'><strong>condonarit.</strong></span> <span class='ocrx_word' id='word_1_174' title='bbox 990 2640 1100 2725; x_wconf 89' lang='lat' dir='ltr'><strong>Siquis</strong></span> <span class='ocrx_word' id='word_1_175' title='bbox 1120 2662 1206 2721; x_wconf 89' lang='lat' dir='ltr'><strong>rero,</strong></span> <span class='ocrx_word' id='word_1_176' title='bbox 1226 2638 1404 2705; x_wconf 86' lang='lat' dir='ltr'><strong>secundum</strong></span> 
     </span>
     <span class='ocr_line' id='line_1_23' title="bbox 301 2738 1405 2825; baseline 0.002 -21"><span class='ocrx_word' id='word_1_177' title='bbox 301 2740 413 2825; x_wconf 82' lang='lat' dir='ltr'><strong>patrie</strong></span> <span class='ocrx_word' id='word_1_178' title='bbox 427 2738 545 2824; x_wconf 85' lang='lat' dir='ltr'><strong>Anglie</strong></span> <span class='ocrx_word' id='word_1_179' title='bbox 560 2760 682 2804; x_wconf 86' lang='lat' dir='ltr'><strong>morem</strong></span> <span class='ocrx_word' id='word_1_180' title='bbox 685 2788 696 2819; x_wconf 92' lang='lat'><strong>,</strong></span> <span class='ocrx_word' id='word_1_181' title='bbox 710 2739 746 2803; x_wconf 91' lang='lat' dir='ltr'><strong>in</strong></span> <span class='ocrx_word' id='word_1_182' title='bbox 761 2740 903 2825; x_wconf 83' lang='lat' dir='ltr'><strong>aliquam</strong></span> <span class='ocrx_word' id='word_1_183' title='bbox 916 2740 1103 2807; x_wconf 77' lang='lat' dir='ltr'><strong>incurrisset</strong></span> <span class='ocrx_word' id='word_1_184' title='bbox 1119 2744 1307 2809; x_wconf 81' lang='lat' dir='ltr'><strong>servitutem</strong></span> <span class='ocrx_word' id='word_1_185' title='bbox 1321 2750 1405 2807; x_wconf 85' lang='lat' dir='ltr'><strong>tcm-</strong></span> 
     </span>
     <span class='ocr_line' id='line_1_24' title="bbox 302 2842 1406 2929; baseline 0.003 -22"><span class='ocrx_word' id='word_1_186' title='bbox 302 2864 378 2929; x_wconf 88' lang='lat' dir='ltr'><strong>pore</strong></span> <span class='ocrx_word' id='word_1_187' title='bbox 392 2865 449 2908; x_wconf 90' lang='lat' dir='ltr'><strong>suc</strong></span> <span class='ocrx_word' id='word_1_188' title='bbox 463 2842 641 2927; x_wconf 87' lang='lat' dir='ltr'><strong>potestatis,</strong></span> <span class='ocrx_word' id='word_1_189' title='bbox 654 2843 803 2908; x_wconf 88' lang='lat' dir='ltr'><strong>libertate</strong></span> <span class='ocrx_word' id='word_1_190' title='bbox 818 2842 879 2908; x_wconf 91' lang='lat' dir='ltr'><strong>sibi</strong></span> <span class='ocrx_word' id='word_1_191' title='bbox 894 2844 1024 2927; x_wconf 87' lang='lat' dir='ltr'><strong>penitus</strong></span> <span class='ocrx_word' id='word_1_192' title='bbox 1038 2845 1232 2926; x_wconf 87' lang='lat' dir='ltr'><strong>contributa,</strong></span> <span class='ocrx_word' id='word_1_193' title='bbox 1242 2846 1406 2910; x_wconf 84' lang='lat' dir='ltr'><strong>relaxatus</strong></span> 
     </span>
     <span class='ocr_line' id='line_1_25' title="bbox 302 2944 1407 3033; baseline -0.002 -19"><span class='ocrx_word' id='word_1_194' title='bbox 302 2946 372 3030; x_wconf 87' lang='lat' dir='ltr'><strong>ejus</strong></span> <span class='ocrx_word' id='word_1_195' title='bbox 397 2946 491 3031; x_wconf 88' lang='lat' dir='ltr'><strong>jussu</strong></span> <span class='ocrx_word' id='word_1_196' title='bbox 516 2953 575 3010; x_wconf 90' lang='lat' dir='ltr'><strong>est.</strong></span> <span class='ocrx_word' id='word_1_197' title='bbox 621 2946 672 3010; x_wconf 89' lang='lat' dir='ltr'><strong>De</strong></span> <span class='ocrx_word' id='word_1_198' title='bbox 695 2944 747 3010; x_wconf 88' lang='lat' dir='ltr'><strong>his</strong></span> <span class='ocrx_word' id='word_1_199' title='bbox 772 2946 970 3031; x_wconf 80' lang='lat' dir='ltr'><strong>quicumque</strong></span> <span class='ocrx_word' id='word_1_200' title='bbox 989 2948 1083 3014; x_wconf 83' lang='lat' dir='ltr'><strong>uliter</strong></span> <span class='ocrx_word' id='word_1_201' title='bbox 1103 2970 1200 3033; x_wconf 82' lang='lat' dir='ltr'><strong>quam</strong></span> <span class='ocrx_word' id='word_1_202' title='bbox 1223 2956 1260 3013; x_wconf 91' lang='lat' dir='ltr'><strong>ut</strong></span> <span class='ocrx_word' id='word_1_203' title='bbox 1282 2948 1407 3013; x_wconf 80' lang='lat' dir='ltr'><strong>dictata</strong></span> 
     </span>
     <span class='ocr_line' id='line_1_26' title="bbox 302 3046 1391 3140; baseline 0.003 -27"><span class='ocrx_word' id='word_1_204' title='bbox 302 3057 378 3121; x_wconf 83' lang='lat' dir='ltr'><strong>sunt</strong></span> <span class='ocrx_word' id='word_1_205' title='bbox 392 3048 592 3140; x_wconf 84' lang='lat' dir='ltr'><strong>perverterit,</strong></span> <span class='ocrx_word' id='word_1_206' title='bbox 607 3046 684 3113; x_wconf 89' lang='lat' dir='ltr'><strong>inde</strong></span> <span class='ocrx_word' id='word_1_207' title='bbox 699 3069 773 3112; x_wconf 86' lang='lat' dir='ltr'><strong>curn</strong></span> <span class='ocrx_word' id='word_1_208' title='bbox 789 3048 861 3114; x_wconf 93' lang='lat' dir='ltr'><strong>Deo</strong></span> <span class='ocrx_word' id='word_1_209' title='bbox 876 3058 1101 3117; x_wconf 84' lang='lat' dir='ltr'><strong>concertamen</strong></span> <span class='ocrx_word' id='word_1_210' title='bbox 1111 3052 1239 3117; x_wconf 87' lang='lat' dir='ltr'><strong>habeat.</strong></span> <span class='ocrx_word' id='word_1_211' title='bbox 1275 3054 1391 3116; x_wconf 78' lang='lat' dir='ltr'><strong>Auru.</strong></span> 
     </span>
    </p>
   </div>
   <div class='ocr_carea' id='block_1_3' title="bbox 682 3426 1028 3485">
    <p class='ocr_par' dir='ltr' id='par_1_3' title="bbox 682 3426 1028 3485">
     <span class='ocr_line' id='line_1_27' title="bbox 682 3426 1028 3485; baseline 0.014 -5"><span class='ocrx_word' id='word_1_212' title='bbox 682 3426 887 3483; x_wconf 75' lang='lat' dir='ltr'><strong>AELmYFU.</strong></span> <span class='ocrx_word' id='word_1_213' title='bbox 923 3428 1028 3485; x_wconf 76' lang='lat' dir='ltr'><strong>rum</strong></span> 
     </span>
    </p>
   </div>
   <div class='ocr_carea' id='block_1_4' title="bbox 303 3568 1408 4487">
    <p class='ocr_par' dir='ltr' id='par_1_4' title="bbox 303 3568 1408 4487">
     <span class='ocr_line' id='line_1_28' title="bbox 348 3568 1406 3663; baseline 0.008 -31"><span class='ocrx_word' id='word_1_214' title='bbox 348 3568 409 3633; x_wconf 82' lang='lat' dir='ltr'><strong>Dis</strong></span> <span class='ocrx_word' id='word_1_215' title='bbox 428 3590 466 3654; x_wconf 86' lang='lat' dir='ltr'><strong>ys</strong></span> <span class='ocrx_word' id='word_1_216' title='bbox 486 3568 637 3654; x_wconf 79' lang='lat' dir='ltr'><strong>AElfgyfae</strong></span> <span class='ocrx_word' id='word_1_217' title='bbox 657 3572 837 3657; x_wconf 82' lang='lat' dir='ltr'><strong>gegurning</strong></span> <span class='ocrx_word' id='word_1_218' title='bbox 919 3574 998 3639; x_wconf 86' lang='lat' dir='ltr'><strong>&#39;l&#39;his</strong></span> <span class='ocrx_word' id='word_1_219' title='bbox 1022 3576 1051 3639; x_wconf 88' lang='lat' dir='ltr'><strong>is</strong></span> <span class='ocrx_word' id='word_1_220' title='bbox 1073 3576 1246 3663; x_wconf 70' lang='lat' dir='ltr'><strong>AElfgyl‘u’s</strong></span> <span class='ocrx_word' id='word_1_221' title='bbox 1268 3575 1406 3661; x_wconf 86' lang='lat' dir='ltr'><strong>petition</strong></span> 
     </span>
     <span class='ocr_line' id='line_1_29' title="bbox 304 3670 1406 3764; baseline 0.007 -29"><span class='ocrx_word' id='word_1_222' title='bbox 304 3682 340 3735; x_wconf 91' lang='lat' dir='ltr'><strong>to</strong></span> <span class='ocrx_word' id='word_1_223' title='bbox 353 3671 434 3735; x_wconf 85' lang='lat' dir='ltr'><strong>hirae</strong></span> <span class='ocrx_word' id='word_1_224' title='bbox 448 3670 685 3738; x_wconf 80' lang='lat' dir='ltr'><strong>cinehlafordoe.</strong></span> <span class='ocrx_word' id='word_1_225' title='bbox 726 3676 838 3760; x_wconf 66' lang='lat' dir='ltr'><strong>pratis</strong></span> <span class='ocrx_word' id='word_1_226' title='bbox 877 3685 913 3740; x_wconf 93' lang='lat' dir='ltr'><strong>to</strong></span> <span class='ocrx_word' id='word_1_227' title='bbox 950 3677 1008 3742; x_wconf 90' lang='lat' dir='ltr'><strong>her</strong></span> <span class='ocrx_word' id='word_1_228' title='bbox 1046 3679 1138 3764; x_wconf 86' lang='lat' dir='ltr'><strong>royel</strong></span> <span class='ocrx_word' id='word_1_229' title='bbox 1172 3678 1253 3744; x_wconf 90' lang='lat' dir='ltr'><strong>lord.</strong></span> <span class='ocrx_word' id='word_1_230' title='bbox 1320 3680 1406 3745; x_wconf 77' lang='lat' dir='ltr'><strong>&#39;l&#39;hat</strong></span> 
     </span>
     <span class='ocr_line' id='line_1_30' title="bbox 306 3773 1407 3867; baseline 0.008 -30"><span class='ocrx_word' id='word_1_231' title='bbox 306 3778 364 3859; x_wconf 73' lang='lat' dir='ltr'><strong>past</strong></span> <span class='ocrx_word' id='word_1_232' title='bbox 382 3774 444 3838; x_wconf 89' lang='lat' dir='ltr'><strong>heo</strong></span> <span class='ocrx_word' id='word_1_233' title='bbox 458 3774 544 3859; x_wconf 85' lang='lat' dir='ltr'><strong>hyne</strong></span> <span class='ocrx_word' id='word_1_234' title='bbox 559 3773 636 3839; x_wconf 78' lang='lat' dir='ltr'><strong>bitt·</strong></span> <span class='ocrx_word' id='word_1_235' title='bbox 657 3775 707 3842; x_wconf 83' lang='lat' dir='ltr'><strong>for</strong></span> <span class='ocrx_word' id='word_1_236' title='bbox 722 3777 838 3843; x_wconf 76' lang='lat' dir='ltr'><strong>Godaes</strong></span> <span class='ocrx_word' id='word_1_237' title='bbox 876 3779 916 3859; x_wconf 88' lang='lat' dir='ltr'><strong>is,</strong></span> <span class='ocrx_word' id='word_1_238' title='bbox 942 3779 1015 3844; x_wconf 86' lang='lat' dir='ltr'><strong>that</strong></span> <span class='ocrx_word' id='word_1_239' title='bbox 1043 3781 1100 3845; x_wconf 90' lang='lat' dir='ltr'><strong>she</strong></span> <span class='ocrx_word' id='word_1_240' title='bbox 1129 3803 1225 3867; x_wconf 82' lang='lat' dir='ltr'><strong>prays</strong></span> <span class='ocrx_word' id='word_1_241' title='bbox 1249 3781 1330 3861; x_wconf 90' lang='lat' dir='ltr'><strong>him,</strong></span> <span class='ocrx_word' id='word_1_242' title='bbox 1355 3781 1407 3846; x_wconf 83' lang='lat' dir='ltr'><strong>for</strong></span> 
     </span>
     <span class='ocr_line' id='line_1_31' title="bbox 304 3876 1406 3968; baseline 0.007 -28"><span class='ocrx_word' id='word_1_243' title='bbox 304 3876 399 3941; x_wconf 85' lang='lat' dir='ltr'><strong>lufnn</strong></span> <span class='ocrx_word' id='word_1_244' title='bbox 414 3876 477 3941; x_wconf 84' lang='lat' dir='ltr'><strong>and</strong></span> <span class='ocrx_word' id='word_1_245' title='bbox 497 3876 546 3941; x_wconf 83' lang='lat' dir='ltr'><strong>for</strong></span> <span class='ocrx_word' id='word_1_246' title='bbox 561 3898 756 3965; x_wconf 78' lang='lat' dir='ltr'><strong>cynescypae·</strong></span> <span class='ocrx_word' id='word_1_247' title='bbox 775 3888 838 3967; x_wconf 72' lang='lat' dir='ltr'><strong>boet</strong></span> <span class='ocrx_word' id='word_1_248' title='bbox 876 3880 948 3947; x_wconf 86' lang='lat' dir='ltr'><strong>lore</strong></span> <span class='ocrx_word' id='word_1_249' title='bbox 962 3882 1000 3947; x_wconf 81' lang='lat' dir='ltr'><strong>os</strong></span> <span class='ocrx_word' id='word_1_250' title='bbox 1010 3882 1094 3963; x_wconf 84' lang='lat' dir='ltr'><strong>God,</strong></span> <span class='ocrx_word' id='word_1_251' title='bbox 1105 3884 1168 3947; x_wconf 89' lang='lat' dir='ltr'><strong>and</strong></span> <span class='ocrx_word' id='word_1_252' title='bbox 1182 3883 1233 3948; x_wconf 85' lang='lat' dir='ltr'><strong>for</strong></span> <span class='ocrx_word' id='word_1_253' title='bbox 1246 3884 1298 3947; x_wconf 82' lang='lat' dir='ltr'><strong>his</strong></span> <span class='ocrx_word' id='word_1_254' title='bbox 1311 3884 1406 3968; x_wconf 83' lang='lat' dir='ltr'><strong>king·</strong></span> 
     </span>
     <span class='ocr_line' id='line_1_32' title="bbox 305 3979 1407 4072; baseline 0.008 -29"><span class='ocrx_word' id='word_1_255' title='bbox 305 3980 367 4045; x_wconf 93' lang='lat' dir='ltr'><strong>heo</strong></span> <span class='ocrx_word' id='word_1_256' title='bbox 392 3986 479 4044; x_wconf 87' lang='lat' dir='ltr'><strong>mote</strong></span> <span class='ocrx_word' id='word_1_257' title='bbox 505 3979 587 4045; x_wconf 76' lang='lat' dir='ltr'><strong>bedu</strong></span> <span class='ocrx_word' id='word_1_258' title='bbox 611 3982 690 4067; x_wconf 86' lang='lat' dir='ltr'><strong>hyre</strong></span> <span class='ocrx_word' id='word_1_259' title='bbox 713 3984 838 4069; x_wconf 82' lang='lat' dir='ltr'><strong>cwydes</strong></span> <span class='ocrx_word' id='word_1_260' title='bbox 877 3984 959 4069; x_wconf 88' lang='lat' dir='ltr'><strong>ship,</strong></span> <span class='ocrx_word' id='word_1_261' title='bbox 976 3985 1049 4049; x_wconf 89' lang='lat' dir='ltr'><strong>that</strong></span> <span class='ocrx_word' id='word_1_262' title='bbox 1064 3985 1121 4050; x_wconf 90' lang='lat' dir='ltr'><strong>she</strong></span> <span class='ocrx_word' id='word_1_263' title='bbox 1138 4008 1213 4072; x_wconf 84' lang='lat' dir='ltr'><strong>may</strong></span> <span class='ocrx_word' id='word_1_264' title='bbox 1228 3986 1268 4052; x_wconf 87' lang='lat' dir='ltr'><strong>be</strong></span> <span class='ocrx_word' id='word_1_265' title='bbox 1282 3988 1407 4072; x_wconf 81' lang='lat' dir='ltr'><strong>worthy</strong></span> 
     </span>
     <span class='ocr_line' id='line_1_33' title="bbox 306 4084 1407 4175; baseline 0.007 -30"><span class='ocrx_word' id='word_1_266' title='bbox 306 4084 431 4167; x_wconf 73' lang='lat' dir='ltr'><strong>wyrdae.</strong></span> <span class='ocrx_word' id='word_1_267' title='bbox 478 4086 596 4166; x_wconf 77' lang='lat' dir='ltr'><strong>ponnae</strong></span> <span class='ocrx_word' id='word_1_268' title='bbox 621 4086 684 4169; x_wconf 69' lang='lat' dir='ltr'><strong>cy&#39;d</strong></span> <span class='ocrx_word' id='word_1_269' title='bbox 706 4085 769 4151; x_wconf 95' lang='lat' dir='ltr'><strong>heo</strong></span> <span class='ocrx_word' id='word_1_270' title='bbox 791 4090 838 4175; x_wconf 72' lang='lat' dir='ltr'><strong>pu</strong></span> <span class='ocrx_word' id='word_1_271' title='bbox 877 4088 915 4151; x_wconf 85' lang='lat' dir='ltr'><strong>of</strong></span> <span class='ocrx_word' id='word_1_272' title='bbox 933 4088 992 4152; x_wconf 90' lang='lat' dir='ltr'><strong>her</strong></span> <span class='ocrx_word' id='word_1_273' title='bbox 1010 4096 1193 4154; x_wconf 74' lang='lat' dir='ltr'><strong>testament</strong></span> <span class='ocrx_word' id='word_1_274' title='bbox 1238 4090 1330 4153; x_wconf 74' lang='lat' dir='ltr'><strong>&#39;l&#39;hen</strong></span> <span class='ocrx_word' id='word_1_275' title='bbox 1348 4090 1407 4153; x_wconf 90' lang='lat' dir='ltr'><strong>she</strong></span> 
     </span>
     <span class='ocr_line' id='line_1_34' title="bbox 303 4184 1408 4278; baseline 0.008 -28"><span class='ocrx_word' id='word_1_276' title='bbox 303 4184 374 4251; x_wconf 75' lang='lat' dir='ltr'><strong>leof</strong></span> <span class='ocrx_word' id='word_1_277' title='bbox 383 4184 433 4250; x_wconf 81' lang='lat' dir='ltr'><strong>boe</strong></span> <span class='ocrx_word' id='word_1_278' title='bbox 444 4185 534 4275; x_wconf 68' lang='lat' dir='ltr'><strong>bime</strong></span> <span class='ocrx_word' id='word_1_279' title='bbox 544 4188 732 4274; x_wconf 73' lang='lat' dir='ltr'><strong>gebafiunga</strong></span> <span class='ocrx_word' id='word_1_280' title='bbox 745 4191 838 4255; x_wconf 82' lang='lat' dir='ltr'><strong>hwaet</strong></span> <span class='ocrx_word' id='word_1_281' title='bbox 877 4192 987 4256; x_wconf 86' lang='lat' dir='ltr'><strong>makes</strong></span> <span class='ocrx_word' id='word_1_282' title='bbox 1000 4192 1118 4257; x_wconf 81' lang='lat' dir='ltr'><strong>known</strong></span> <span class='ocrx_word' id='word_1_283' title='bbox 1129 4201 1165 4258; x_wconf 87' lang='lat' dir='ltr'><strong>to</strong></span> <span class='ocrx_word' id='word_1_284' title='bbox 1173 4192 1352 4273; x_wconf 90' lang='lat' dir='ltr'><strong>thee,dear,</strong></span> <span class='ocrx_word' id='word_1_285' title='bbox 1363 4193 1408 4278; x_wconf 88' lang='lat' dir='ltr'><strong>by</strong></span> 
     </span>
     <span class='ocr_line' id='line_1_35' title="bbox 304 4289 1408 4381; baseline 0.009 -29"><span class='ocrx_word' id='word_1_286' title='bbox 304 4289 367 4355; x_wconf 88' lang='lat' dir='ltr'><strong>heo</strong></span> <span class='ocrx_word' id='word_1_287' title='bbox 389 4290 440 4353; x_wconf 87' lang='lat' dir='ltr'><strong>for</strong></span> <span class='ocrx_word' id='word_1_288' title='bbox 460 4291 539 4375; x_wconf 66' lang='lat' dir='ltr'><strong>pa]</strong></span> <span class='ocrx_word' id='word_1_289' title='bbox 562 4291 613 4355; x_wconf 85' lang='lat' dir='ltr'><strong>for</strong></span> <span class='ocrx_word' id='word_1_290' title='bbox 626 4297 710 4380; x_wconf 74' lang='lat' dir='ltr'><strong>pyrae</strong></span> <span class='ocrx_word' id='word_1_291' title='bbox 736 4294 837 4358; x_wconf 83' lang='lat' dir='ltr'><strong>sewlae</strong></span> <span class='ocrx_word' id='word_1_292' title='bbox 877 4296 935 4380; x_wconf 87' lang='lat' dir='ltr'><strong>thy</strong></span> <span class='ocrx_word' id='word_1_293' title='bbox 951 4297 1151 4381; x_wconf 89' lang='lat' dir='ltr'><strong>permission,</strong></span> <span class='ocrx_word' id='word_1_294' title='bbox 1175 4298 1261 4362; x_wconf 88' lang='lat' dir='ltr'><strong>what</strong></span> <span class='ocrx_word' id='word_1_295' title='bbox 1280 4298 1338 4362; x_wconf 88' lang='lat' dir='ltr'><strong>she</strong></span> <span class='ocrx_word' id='word_1_296' title='bbox 1357 4298 1408 4362; x_wconf 86' lang='lat' dir='ltr'><strong>for</strong></span> 
     </span>
     <span class='ocr_line' id='line_1_36' title="bbox 304 4391 1408 4487; baseline 0.011 -33"><span class='ocrx_word' id='word_1_297' title='bbox 304 4400 339 4455; x_wconf 91' lang='lat' dir='ltr'><strong>to</strong></span> <span class='ocrx_word' id='word_1_298' title='bbox 355 4391 472 4456; x_wconf 81' lang='lat' dir='ltr'><strong>Godaes</strong></span> <span class='ocrx_word' id='word_1_299' title='bbox 497 4393 633 4459; x_wconf 88' lang='lat' dir='ltr'><strong>ciricean</strong></span> <span class='ocrx_word' id='word_1_300' title='bbox 653 4394 718 4461; x_wconf 69' lang='lat' dir='ltr'><strong>don</strong></span> <span class='ocrx_word' id='word_1_301' title='bbox 734 4398 836 4483; x_wconf 63' lang='lat' dir='ltr'><strong>wylae.</strong></span> <span class='ocrx_word' id='word_1_302' title='bbox 877 4400 951 4464; x_wconf 89' lang='lat' dir='ltr'><strong>thee</strong></span> <span class='ocrx_word' id='word_1_303' title='bbox 968 4400 1033 4465; x_wconf 87' lang='lat' dir='ltr'><strong>and</strong></span> <span class='ocrx_word' id='word_1_304' title='bbox 1053 4401 1104 4466; x_wconf 83' lang='lat' dir='ltr'><strong>for</strong></span> <span class='ocrx_word' id='word_1_305' title='bbox 1116 4402 1176 4487; x_wconf 83' lang='lat' dir='ltr'><strong>thy</strong></span> <span class='ocrx_word' id='word_1_306' title='bbox 1190 4403 1263 4466; x_wconf 86' lang='lat' dir='ltr'><strong>soul</strong></span> <span class='ocrx_word' id='word_1_307' title='bbox 1276 4401 1357 4466; x_wconf 83' lang='lat' dir='ltr'><strong>willa</strong></span> <span class='ocrx_word' id='word_1_308' title='bbox 1372 4409 1408 4466; x_wconf 94' lang='lat' dir='ltr'><strong>to</strong></span> 
     </span>
    </p>
   </div>
   <div class='ocr_carea' id='block_1_5' title="bbox 0 0 1634 5125">
    <p class='ocr_par' dir='ltr' id='par_1_5' title="bbox 0 0 1634 5125">
     <span class='ocr_line' id='line_1_37' title="bbox 0 0 1634 5125; baseline 0 0"><span class='ocrx_word' id='word_1_309' title='bbox 0 0 1634 5125; x_wconf 95' lang='lat' dir='ltr'><strong> </strong></span> 
     </span>
    </p>
   </div>
  </div>
 </body>
</html>
