3234 5125
339 466 357 515 4
619 458 937 515 MISOELLANEOUS
951 456 1166 514 CHARTERS.

340 654 462 717 suoque
477 633 563 716 regio
581 632 747 717 privilegio
768 640 802 697 et
822 631 951 716 superni
966 630 1080 715 judicii
1097 630 1327 714 imprecatione
1347 634 1442 710 atque

341 736 514 821 apostoliea
536 736 638 799 sancti
657 756 738 819 pape
760 734 910 818 Gregorii
932 732 1199 797 interminacione
1224 730 1442 796 excommuni-

342 839 463 903 catoria
488 846 600 903 contra
622 858 751 901 omnem
777 836 931 922 injuriam
956 835 1167 899 confirmavit.
1218 834 1290 918 Ego
1306 853 1443 917 quoque,

343 941 487 1026 ejusdem
501 940 659 1005 libertatis
674 940 803 1026 adjutor
824 948 858 1003 et
877 939 1104 1024 patrocinator,
1119 959 1232 1002 omnes
1246 955 1444 1001 successores

343 1066 432 1110 meos
462 1044 722 1130 archiepiscopos,
749 1064 925 1127 omnesque
954 1040 1182 1105 ecclesiasticas
1210 1039 1261 1104 vel
1288 1038 1445 1102 seculares

344 1154 520 1232 potestates
539 1168 597 1231 per
615 1146 794 1211 Dominum
814 1146 890 1210 lum
904 1140 992 1230 llpm
1014 1152 1047 1209 et
1067 1143 1283 1228 apostolorum
1308 1141 1380 1225 ejus
1398 1161 1446 1204 re·

343 1248 523 1314 vercnoiam
546 1249 698 1329 obtestor,
715 1257 812 1332 atque
838 1248 1013 1331 apostolica
1031 1245 1202 1311 memorati
1215 1245 1323 1330 ,patris
1344 1244 1446 1309 nostri

344 1373 424 1436 pape
458 1352 608 1436 Gregorii
630 1350 897 1416 interminacione
925 1349 1093 1429 interdico,
1114 1370 1158 1413 ne
1186 1350 1357 1433 quisquam
1385 1369 1446 1410 un-

344 1476 443 1537 quam
457 1454 560 1517 ullum
575 1461 780 1538 potentatum
795 1461 852 1517 aut
867 1454 1069 1518 dominatum
1080 1460 1136 1517 aut
1151 1452 1322 1536 imperium
1336 1451 1372 1513 in
1386 1449 1447 1513 hoc

345 1557 543 1622 dominicum
558 1558 608 1622 vel
620 1557 832 1641 apostolicum
847 1556 1089 1634 monasterium,
1100 1556 1152 1619 rel
1165 1564 1267 1620 terras
1280 1553 1331 1617 rel
1346 1553 1445 1617 eccle·

346 1660 409 1725 sies
424 1662 465 1725 sd
479 1660 560 1724 illud
573 1661 781 1745 pertinentes,
797 1682 951 1745 usurpare
964 1668 1149 1743 presumat,
1164 1680 1224 1723 nec
1237 1658 1306 1722 ulla
1318 1678 1449 1741 prorsus

347 1763 582 1847 subjugationis
607 1771 664 1827 ant
693 1764 862 1843 servitutis,
884 1771 942 1826 ant
970 1762 1085 1826 tributi
1110 1748 1310 1839 condicione,
1334 1760 1386 1823 rel
1414 1760 1449 1823 in

347 1887 465 1949 magno
486 1865 535 1931 vel
556 1866 591 1929 in
610 1866 756 1944 minimo,
777 1866 840 1930 Dei
859 1866 1025 1929 ministros
1035 1866 1193 1949 inquietet
1208 1872 1264 1928 aut
1278 1863 1448 1947 opprimat.

346 1968 509 2033 Abbatem
527 1990 547 2032 a
564 1970 631 2032 suis
649 1968 804 2032 fratribus
823 1968 962 2033 electum
978 1969 1015 2031 in
1036 1968 1149 2032 eodem
1163 1968 1368 2046 monasterio,
1385 1988 1448 2030 non

348 2071 389 2134 sd
404 2092 498 2135 suum
513 2072 717 2149 famulatum,
733 2071 790 2135 sed
805 2070 845 2135 ad
861 2071 1059 2136 dominicum
1073 2071 1300 2149 ministerium,
1312 2070 1450 2147 ordinet,

348 2195 408 2239 nec
429 2174 491 2238 sibi
511 2174 598 2238 hunc
617 2174 770 2239 obaudire
789 2174 847 2238 sed
867 2175 939 2239 Deo
951 2174 1106 2255 suadeat3
1129 2196 1188 2240 nec
1202 2196 1277 2239 vero
1296 2174 1358 2238 sibi
1375 2173 1451 2238 snb-

344 2277 468 2360 jectum
490 2276 546 2341 sed
567 2276 710 2355 fratrem,
732 2285 783 2340 set
802 2286 995 2355 consortem,
1010 2277 1066 2341 sed
1089 2277 1246 2361 collegam
1265 2286 1299 2341 et
1318 2278 1451 2341 commi-

349 2379 488 2443 nistrum
511 2380 646 2462 inopus
667 2379 866 2444 dominicum
885 2401 960 2445 enm
981 2388 1118 2464 reputet.
1164 2381 1243 2443 Non
1259 2380 1306 2444 ibi
1327 2381 1451 2457 missas,

350 2482 441 2566 quasi
469 2482 511 2545 ad
534 2502 591 2545 sue
616 2481 748 2546 ditionis
774 2481 885 2562 altare,
908 2502 968 2546 nec
991 2481 1210 2546 ordinationes
1231 2481 1282 2545 vel
1303 2481 1452 2545 benedic·

348 2585 453 2649 tiones
468 2585 662 2669 usurpative,
673 2586 743 2650 sine
754 2585 879 2650 abbatis
890 2587 941 2650 vel
955 2586 1091 2649 frenum
1104 2586 1265 2669 peticione
1279 2595 1453 2650 excerceat.

350 2688 489 2752 Nullum
505 2689 564 2752 sibi
576 2689 632 2774 jus
650 2689 981 2769 consuetudinarium,
993 2689 1044 2754 rel
1060 2689 1096 2752 in
1111 2689 1265 2753 vilissima
1280 2711 1316 2754 re
1334 2689 1454 2773 exigat,

350 2793 502 2876 quatinus
525 2791 614 2877 pacis
643 2791 816 2857 concordia
839 2813 942 2856 unum
965 2792 1032 2856 sint
1056 2793 1092 2855 in
1115 2793 1258 2856 Domino
1279 2794 1453 2880 utrimque.

353 2897 422 2961 Nec
446 2894 625 2980 quisquam,
648 2895 734 2978 qnod
760 2894 853 2973 absit,
874 2895 1062 2959 dominandi
1091 2895 1222 2960 dissidio
1247 2897 1282 2959 in
1298 2896 1456 2980 juditium

351 2998 472 3062 incidat
486 2996 627 3082 dyaboli,
640 2997 694 3080 qui
709 2997 857 3081 superbie
871 2998 1043 3082 tyrannide
1057 3000 1179 3063 corruit
1190 2998 1229 3063 de
1244 2999 1322 3064 celo.
1350 3001 1457 3083 Reges

354 3100 514 3183 gencium,
538 3098 646 3183 inquit
676 3099 848 3178 Dominus,
878 3099 1087 3165 dominantur
1110 3123 1232 3180 eorum,
1262 3124 1318 3166 vos
1346 3111 1457 3166 nartem

355 3222 423 3265 non
448 3201 505 3266 sic.
551 3203 699 3285 Cumque
721 3201 762 3265 ab
791 3202 989 3286 alienigenis,
1012 3225 1078 3268 nou
1104 3227 1124 3268 a
1152 3205 1237 3284 liliis,
1259 3206 1459 3289 accipiantur

355 3303 489 3382 tributa,
505 3303 552 3367 sic
566 3303 635 3387 ipse
650 3305 811 3369 Dominus
824 3305 1005 3371 concludit:
1031 3313 1053 3342 “
1063 3308 1151 3390 Ergo
1166 3309 1260 3373 liberi
1274 3317 1350 3372 sunt
1364 3309 1458 3372 filii.''

356 3407 431 3472 Qua
450 3425 526 3489 ergo
545 3405 757 3470 irreverenoia
778 3415 885 3491 patres
905 3409 1110 3474 ecclesiarum
1128 3411 1164 3474 in
1185 3412 1269 3475 filios
1288 3413 1379 3495 regni
1394 3413 1458 3476 Dei

354 3507 417 3571 sibi
431 3507 602 3572 vendicant
625 3509 890 3590 dominationem,
905 3512 1045 3577 maxime
1067 3521 1176 3577 autem
1197 3515 1233 3577 in
1254 3514 1338 3580 hano
1359 3517 1460 3580 eoele-

356 3610 438 3674 siam
463 3617 647 3674 sanctorum
671 3611 915 3692 thesaurariam,
942 3615 976 3677 in
1001 3616 1095 3699 cujus
1121 3625 1267 3682 materno
1293 3628 1386 3683 utero
1408 3628 1459 3683 tot

357 3711 545 3796 pontificum
585 3712 796 3797 Dorobernie,
827 3736 1003 3800 regumque
1034 3739 1072 3781 ac
1103 3719 1294 3804 principum,
1328 3743 1462 3806 corpora

357 3836 523 3899 speramus
538 3816 623 3880 alma
636 3816 809 3881 refovenda
823 3819 987 3902 sepulture
1001 3822 1121 3905 requie,
1137 3843 1177 3887 ex
1193 3825 1383 3889 auctoritate
1397 3826 1460 3888 sci·

358 3920 434 3986 licet
463 3920 646 4002 apostolica,
670 3927 703 3983 et
729 3920 806 3985 hinc
835 3920 875 3985 ad
905 3930 1048 3987 eternam
1073 3925 1208 4008 gloriam
1231 3927 1460 3992 resuscitanda.

356 4019 452 4084 ll'ales
472 4021 613 4105 supremi
635 4020 760 4085 Jndicis
778 4022 898 4087 amicos
917 4024 945 4088 si
964 4026 1036 4108 quis
1053 4027 1214 4092 offendere
1231 4049 1297 4093 non
1314 4037 1463 4092 metuens

359 4123 456 4207 hujus
485 4123 643 4207 privilegii
673 4133 794 4188 statuta
822 4126 999 4206 violaverit,
1023 4130 1074 4194 vel
1095 4131 1285 4195 violatorem
1307 4132 1465 4196 imitando

359 4229 424 4290 vim
439 4243 532 4290 susm
546 4227 698 4306 tenuerit,
714 4229 795 4292 sciat
815 4249 849 4292 ae
869 4231 1044 4313 apostolico
1061 4233 1148 4297 beati
1168 4235 1258 4299 Petri
1275 4235 1392 4318 gladio,
1408 4257 1466 4319 per

358 4349 454 4396 suum
483 4330 638 4393 vicarium
669 4331 863 4415 Gregorium
892 4334 1103 4416 puniendum,
1136 4337 1200 4401 nisi
1236 4338 1465 4403 emendaverit.

363 4433 435 4496 llec
453 4453 529 4515 ergo
549 4431 668 4512 omnia,
684 4441 721 4496 ut
741 4434 794 4497 hic
817 4444 894 4499 sunt
913 4437 1042 4521 scripta,
1059 4439 1233 4523 apostolica
1250 4441 1351 4524 ipsius
1372 4441 1466 4505 insti-
