3234 5125
310 358 346 415 24
584 352 906 412 Mlsclcssssnocs
923 344 1138 407 cflsRTnlss.

311 528 412 593 tineto
426 528 540 613 synodi
555 526 765 591 sanctissimae
780 524 919 604 decreto,
936 522 991 607 qui
1010 526 1134 585 cartam
1148 514 1238 579 illam
1252 507 1415 590 subscrip-

310 630 410 695 tionis
431 630 499 715 ogri
522 629 731 715 primitivam,
747 629 797 693 vel
819 648 877 712 per
893 626 982 690 furto
995 624 1044 688 vel
1059 619 1204 706 quolibet
1218 614 1315 680 modo
1328 610 1416 675 bau-

311 732 459 797 dulanter
479 732 652 798 emerendo
673 731 838 815 subripere
858 726 1106 813 praesumpserit.
1151 723 1260 804 Atque
1279 716 1341 780 boc
1357 712 1414 777 de·

311 835 415 899 cernit
429 856 520 901 sacre
534 834 684 920 synodus,
696 841 735 899 ut
749 842 823 917 post
836 831 963 897 obitum
973 830 1053 914 ejus,
1068 827 1153 891 sicut
1163 829 1238 888 ante
1252 824 1412 885 statutum

309 934 373 1001 fuit
391 960 410 1002 a
428 938 606 1003 senioribus
628 938 707 1021 ejus,
722 936 764 1001 ad
783 933 996 1020 episcopalem
1016 930 1124 996 sedem
1144 934 1285 991 casuum
1300 921 1410 986 Uoco·

311 1042 476 1137 gerrensis
490 1041 572 1105 liber
586 1040 649 1119 bic,
665 1060 739 1104 cum
754 1048 842 1103 terra
855 1036 1019 1101 reddatur.

356 1145 394 1225 >1⁴
407 1144 478 1229 Ego
487 1143 692 1222 Notbelmus,
704 1141 811 1225 gratia
820 1140 884 1204 Dei
895 1138 1160 1221 archiepiscopus,
1169 1126 1322 1196 cononice
1337 1123 1410 1189 sub-

311 1247 432 1331 scripsi.
483 1247 522 1328 ›1⁴
538 1248 610 1330 Ego
625 1243 742 1309 Daniel
757 1242 924 1327 episcopua
939 1237 1121 1323 subscripsi.
1168 1235 1208 1316 ᾧ
1221 1232 1292 1315 Ego
1314 1230 1408 1310 Inag-

310 1348 409 1413 uuald
438 1348 604 1433 episcopus
634 1345 817 1429 subscripsi.
892 1344 932 1425 ›1‹
948 1339 1109 1407 Unilfritb
1139 1336 1307 1421 episcopus
1332 1330 1407 1396 sub-

309 1452 432 1535 scripsi.
479 1451 517 1531 ›1⁴
543 1452 613 1533 Ego
628 1448 768 1514 Alduulf
777 1447 945 1532 episcopus
964 1442 1147 1526 subscripsi.
1195 1438 1330 1520 ›1⁴Ego
1349 1433 1407 1497 Al-

310 1553 409 1617 uuine
423 1552 590 1637 episcopus
607 1550 790 1635 subscripsi.
851 1550 891 1631 ›1‹
901 1550 973 1631 Ego
987 1546 1143 1611 For-there
1157 1542 1323 1627 episcopus
1333 1535 1407 1600 sub-

310 1656 432 1740 scripsi.
488 1656 528 1737 ›1‹
550 1656 622 1738 Ego
644 1653 827 1718 Cuthberbt
847 1652 1014 1735 episcopus
1034 1645 1217 1729 subscripsi.
1274 1642 1314 1723 ›1‹
1337 1640 1409 1723 Ego
1439 1645 1444 1651 “

312 1758 499 1824 Hereuuuld
509 1759 675 1842 episcopus
689 1755 871 1839 subscripsi.

610 2076 1100 2093 w

385 2335 481 2389 KING
501 2336 708 2390 EADBERHT
726 2336 775 2391 OF
793 2335 904 2389 KENT.
942 2333 1062 2387 APRIL
1080 2330 1327 2388 cccxxxvlll.

351 2480 390 2562 »Β
407 2480 448 2543 In
462 2480 592 2544 nomine
607 2479 740 2545 Domini
756 2479 820 2542 Dei
835 2478 939 2542 nostri
955 2477 1057 2541 Jbesu
1067 2476 1198 2540 Christi.
1236 2475 1307 2557 Ego
1321 2473 1408 2538 Ead-

304 2583 408 2662 berbt,
424 2605 478 2648 rex
504 2585 761 2660 cantuariorum,
778 2582 895 2646 donavi
922 2582 1063 2665 aliquam
1088 2587 1211 2664 partem
1233 2585 1328 2655 terre,
1350 2598 1411 2659 pro

303 2686 445 2751 remedio
467 2687 574 2750 anime
599 2707 670 2749 mee
693 2694 789 2769 atque
813 2685 1018 2767 indulgentie
1040 2683 1231 2747 delictorum
1252 2701 1409 2758 meorum,

305 2789 501 2873 episcopatui
525 2789 611 2852 beati
635 2788 775 2852 Andreae
801 2789 949 2871 apostoli,
968 2808 1005 2850 ac
1028 2785 1202 2850 venerabili
1219 2785 1288 2848 viro
1313 2782 1409 2847 Euid-

305 2890 383 2969 ulfo,
404 2891 474 2973 ejus
488 2890 630 2954 ecclesiae
648 2891 798 2968 antistiti,
817 2890 852 2952 in
873 2890 1003 2972 regione
1022 2911 1083 2973 que
1101 2895 1233 2953 vocatur
1251 2887 1361 2970 Hobg,
1376 2887 1411 2949 in

304 2993 375 3056 loco
406 2993 461 3075 qui
490 2991 609 3055 dicitur
639 2992 916 3071 Andsoobesbam‚
942 2991 976 3056 id
1003 3001 1052 3056 est
1082 2992 1193 3056 decem
1218 2997 1408 3069 aratrorum,

301 3095 397 3178 juxte
425 3093 672 3157 estimationem
695 3093 866 3178 provinciae
888 3095 1042 3179 ejusdem.
1090 3095 1198 3179 Hujus
1220 3114 1294 3158 vero
1316 3103 1409 3158 terrae

305 3195 537 3280 possessionem
557 3195 605 3258 ita
620 3195 774 3278 praedicto
795 3197 944 3280 episcopo
965 3198 1101 3281 largitus
1118 3218 1201 3275 sum,
1217 3218 1290 3260 cum
1306 3197 1410 3260 omni-

306 3299 366 3362 bus
384 3297 425 3361 ad
442 3319 513 3362 eam
534 3298 779 3382 pertinentibus,
794 3299 828 3363 id
848 3308 909 3377 est,
925 3300 1056 3384 campis,
1066 3300 1164 3378 silvis,
1181 3300 1292 3383 pratis,
1307 3300 1408 3384 pisca·

305 3401 372 3480 riis,
393 3401 590 3484 salsilagene,
610 3408 706 3484 etque
724 3402 874 3466 omnibns
897 3402 1090 3467 utensilibus
1112 3404 1192 3487 ejus,
1203 3404 1299 3487 juxta
1315 3411 1410 3467 notos

305 3502 461 3567 terminos
490 3503 691 3568 constitutos.
739 3505 812 3568 Hoc
841 3525 967 3589 quoque
996 3505 1208 3589 precipimus,
1232 3512 1271 3569 ut
1299 3506 1408 3570 nullus

305 3611 479 3690 praesumat
505 3606 754 3690 propinquorum
781 3628 928 3671 meorum
951 3608 999 3671 vel
1022 3629 1240 3673 suceessorum
1262 3629 1408 3674 meorum

305 3709 389 3773 banc
414 3707 620 3772 donationem
642 3731 748 3774 meam
775 3711 922 3775 minuere
950 3710 1029 3795 [vel]
1064 3711 1240 3795 infringere
1262 3733 1406 3796 quoquo·

304 3811 410 3875 modo.
458 3811 495 3875 si
510 3811 581 3894 quis
596 3833 681 3891 vero,
704 3812 790 3896 quod
810 3834 877 3877 non
891 3814 1063 3892 credimus,
1078 3823 1192 3878 contra
1210 3824 1405 3899 praeceptum

304 3935 423 3993 meum,
439 3911 515 3977 huic
529 3913 695 3978 donationi
710 3937 790 3980 meae
804 3915 956 3980 malibolo
972 3917 1081 3981 animo
1095 3919 1254 3982 contraire
1268 3926 1406 4002 tempta-

304 4018 395 4096 verit,
411 4016 491 4081 sciat
511 4038 556 4094 se,
575 4017 609 4079 in
627 4016 679 4080 die
699 4018 823 4101 judicii,
839 4019 997 4083 rationem
1020 4021 1091 4084 Deo
1110 4020 1322 4100 redditurum,
1338 4042 1405 4085 ma·

303 4127 435 4184 nentem
457 4126 566 4183 tamen
588 4119 672 4182 banc
693 4121 850 4184 carbriam
872 4122 1085 4186 nibilominus
1104 4123 1139 4186 in
1161 4145 1220 4188 sua
1241 4123 1405 4189 firmitate.

305 4221 341 4285 Si
356 4222 427 4304 quis
441 4243 515 4285 vero
531 4221 633 4304 magis
649 4221 818 4287 defendere
835 4224 895 4309 [et]
917 4247 1033 4308 augere
1048 4226 1195 4306 voluerit,
1205 4227 1300 4292 addat
1315 4228 1406 4292 Deus

305 4325 389 4388 bone
403 4325 472 4408 ejus
487 4324 521 4387 in
537 4333 623 4387 terra
638 4324 823 4390 viventium.
