3234 5125
455 425 775 482 MISOELLANEOUS
794 427 1009 484 CHARTERS.
1231 428 1283 482 411

181 608 215 665 et
234 600 429 680 observetur,
445 609 483 664 ut
502 621 606 684 neque
626 621 695 680 nos,
714 621 819 686 neque
837 622 1035 672 successores
1052 601 1165 680 nostri,
1181 621 1285 684 neque

180 703 317 786 quilibet
339 703 515 788 episcopus,
534 725 594 768 nec
616 705 798 788 quicunque
821 705 862 770 de
878 704 1050 790 judiciaria
1071 711 1230 788 potestate
1250 704 1286 767 in

181 807 284 891 ipsam
313 815 458 872 sanctam
481 808 657 886 basilicam,
683 807 734 873 vel
763 808 798 870 in
821 815 989 872 manentes
1011 808 1047 870 in
1071 809 1150 892 ipsa,
1175 808 1226 870 vel
1250 807 1285 870 in

181 910 328 975 homines
351 909 406 994 qui
428 931 503 976 cum
528 911 594 975 suis
612 911 706 975 terris
727 911 777 976 vel
796 911 1072 996 qualibuscunque
1094 910 1287 974 substanciis

182 1013 223 1077 ad
248 1013 350 1096 ipsam
372 1013 498 1078 tradere
519 1013 570 1078 vel
592 1015 746 1079 devovere
767 1035 801 1078 se
823 1014 993 1094 voluerint,
1010 1015 1074 1078 nisi
1095 1035 1152 1099 per
1173 1014 1286 1079 volun-

182 1122 283 1180 tatem
308 1115 433 1180 abbatis
458 1123 491 1181 et
515 1137 647 1181 suorum
671 1117 914 1196 monachorum,
936 1118 1039 1181 ullam
1060 1139 1205 1200 unquam
1229 1117 1286 1180 ha·

182 1218 280 1282 beant
299 1226 500 1302 potestatem.
547 1219 610 1283 Sed
631 1219 673 1283 sit
690 1219 759 1284 hoec
777 1228 888 1284 sancta
909 1230 1015 1285 mater
1031 1221 1175 1285 aecclesia
1188 1242 1284 1304 pecu·

181 1321 269 1386 liaris
283 1322 410 1406 patroni
423 1322 528 1386 nostri
543 1323 666 1386 domiui
686 1330 718 1387 et
737 1324 848 1407 magni
862 1324 999 1408 apostoli
1020 1331 1071 1387 ter
1084 1323 1172 1388 beati
1186 1323 1284 1401 Petri,

182 1425 283 1489 libera
308 1433 341 1488 et
365 1424 511 1489 absoluta
537 1425 577 1488 ab
601 1426 691 1488 omni
715 1426 880 1490 invasione
900 1426 952 1490 vel
972 1425 1195 1509 inquietudine
1217 1446 1285 1488 om-

182 1527 273 1590 nium
290 1527 459 1592 hominum
477 1529 697 1612 cujuscunque
719 1528 841 1592 ordinis
858 1529 910 1593 vel
927 1529 1095 1611 potestatis
1114 1549 1182 1592 esse
1199 1527 1286 1591 vide·

183 1638 288 1694 antam
334 1631 495 1694 Praeterea
510 1631 597 1694 aliud
612 1631 775 1696 constituo
791 1639 889 1714 atque
901 1631 1103 1715 imperpetuo
1118 1630 1284 1708 confirmo,

182 1739 220 1795 nt
235 1733 377 1816 quisquis
394 1733 616 1817 fugitivorum,
635 1735 675 1798 de
695 1755 899 1818 quocumque
914 1735 996 1813 loco,
1012 1755 1071 1817 pro
1085 1755 1286 1816 quacumque

182 1857 286 1914 causa,
303 1838 521 1920 cujuscunque
541 1837 739 1902 condicionis
762 1837 815 1914 sit,
831 1837 937 1921 ipsum
952 1843 1100 1900 sanctum
1115 1836 1222 1899 locum
1236 1836 1286 1899 vel

182 1939 381 2022 procinctum
404 1941 473 2024 ejus
495 1941 622 2024 fugiens
643 1939 821 2017 intraverit,
844 1939 998 2002 immunis
1020 1938 1062 2001 sit
1083 1938 1226 2015 omnino,
1249 1959 1287 2001 ac

181 2042 309 2125 plenam
336 2019 517 2108 libertatem
542 2051 765 2127 consequatur.
819 2043 947 2106 Placuit
976 2042 1073 2105 etiam
1097 2042 1178 2104 mibi
1203 2041 1287 2105 hanc

181 2144 320 2229 optionis
342 2145 530 2210 electionem
554 2153 587 2210 et
603 2146 762 2210 libertatis
783 2145 904 2209 donum
926 2145 1109 2228 gratissimo
1128 2145 1236 2209 animo
1254 2151 1287 2210 et

180 2247 305 2330 integra
319 2248 485 2312 voluntate
500 2270 627 2331 augere,
643 2257 677 2312 et
695 2248 863 2332 privilegio
878 2249 941 2312 isto
956 2247 1171 2326 corroborare,
1187 2256 1221 2313 et
1234 2249 1286 2311 in-

182 2371 277 2433 super
298 2350 383 2414 douc
402 2371 474 2414 meo
493 2351 721 2416 inviolabiliter
742 2352 933 2414 confirmare
958 2371 1070 2414 omnes
1095 2351 1287 2416 donaciones

180 2461 339 2516 terrarum
369 2453 419 2517 vel
448 2454 653 2517 ecclesiarum
682 2462 740 2517 aut
769 2453 907 2517 aliarum
932 2475 1052 2531 rerum,
1077 2475 1149 2536 quae
1175 2455 1222 2518 ibi
1246 2454 1286 2518 ab

181 2557 433 2622 antecessoribus
449 2557 528 2622 meis
546 2557 674 2641 regibus
692 2579 783 2621 seua
800 2557 1046 2641 quibuscunque
1065 2566 1142 2621 ante
1161 2580 1213 2623 me
1230 2559 1287 2622 dc·

181 2669 265 2724 natae
284 2669 370 2738 suut,
386 2682 512 2725 necnon
537 2670 571 2725 et
595 2661 666 2724 illas
689 2682 767 2743 quas
787 2660 838 2724 vel
858 2681 928 2743 ego,
948 2660 998 2724 vel
1018 2660 1190 2743 optimates
1211 2661 1285 2739 mei,

181 2763 230 2827 vel
252 2764 349 2827 ctiam
373 2763 508 2847 quilibet
534 2763 575 2827 de
605 2762 728 2827 civibus
752 2763 838 2826 intra
858 2762 1061 2827 Loudoniam
1079 2762 1285 2840 donaverant,

180 2876 248 2930 tam
263 2874 365 2929 terras
379 2886 476 2949 quam
491 2865 751 2943 consuetudines,
763 2874 796 2929 et
811 2866 922 2929 omnia
932 2866 1006 2948 jura
1017 2864 1288 2949 qualiumcrmque

180 2990 349 3033 cansarum
369 2969 404 3031 in
424 2968 574 3033 omuibus
596 2969 690 3032 terris
706 2989 768 3052 que
782 2969 834 3032 vel
850 2968 886 3031 in
905 2968 1075 3031 Londonia
1090 2966 1142 3030 vel
1160 2966 1196 3030 in
1215 2968 1287 3031 aliis

181 3070 425 3154 quibuscunque
448 3071 528 3134 locis
554 3071 708 3154 praedicto
731 3070 928 3134 monasterio
950 3069 1108 3153 adjacent,
1132 3071 1184 3135 vel
1205 3071 1284 3154 adji-

88 3258 92 3265 .
182 3174 303 3239 ciendae
316 3183 393 3238 sunt
407 3195 464 3257 per
478 3174 615 3257 gratiam
631 3174 705 3239 Dei.
746 3175 835 3239 Huic
848 3174 991 3238 libertati
1006 3174 1148 3238 concedo
1163 3174 1286 3238 addita·

181 3285 338 3356 mentum,
362 3278 397 3341 in
419 3300 492 3361 que,
511 3286 549 3341 ut
567 3278 608 3342 ab
626 3278 777 3341 omnibus
800 3278 942 3361 apertius
965 3285 998 3340 et
1017 3278 1144 3361 plenius
1165 3278 1286 3342 intelli·
1337 3356 1343 3365 ²

181 3391 286 3467 gatur,
306 3383 438 3447 nomina
460 3383 731 3447 consuetudinum
752 3382 891 3465 Anglice
911 3383 1048 3465 praecepi
1064 3404 1201 3465 ponere:
1227 3384 1288 3447 sci·

181 3487 267 3564 licet,
311 3486 543 3569 mundbryche,
585 3485 778 3570 burhbryce,
818 3485 1062 3568 miskaenuinge,
1101 3486 1287 3570 sceavvinge,

181 3589 360 3671 hlaestinge,
392 3588 569 3667 fribsokne‚
600 3588 880 3673 flymenafyrmbe,
910 3589 1129 3674 wergeldbeof,
1159 3591 1287 3673 ubleap,

180 3691 343 3774 forfaenge,
369 3691 542 3775 fyhfaeuge,
571 3691 730 3775 fyrdvvite,
761 3691 907 3769 fihtwite,
937 3692 1127 3769 weardvvite,
1158 3691 1287 3775 haenge·

182 3793 265 3871 vite,
295 3794 484 3871 hamsokne,
514 3794 656 3872 forsteal,
686 3794 942 3881 infangenepeof,
972 3795 1060 3871 saka,
1090 3816 1198 3873 socna,
1228 3795 1288 3859 toll

181 3905 215 3960 et
234 3905 331 3975 team,
355 3897 498 3980 aliasque
518 3918 630 3961 omnes
649 3897 736 3981 leges
757 3906 790 3960 et
810 3897 1060 3961 consuetudines
1078 3918 1149 3979 quse
1169 3897 1211 3960 ad
1234 3918 1287 3961 me

181 3998 355 4082 pertinent.
403 3999 567 4063 Renovavi
585 3999 687 4063 eciam
707 3998 874 4082 privilegia
891 3999 1099 4081 antiquorum
1113 4018 1238 4081 regum,
1253 4006 1287 4063 et

180 4121 220 4163 ex
240 4100 372 4164 nomine
394 4108 513 4165 sanctae
535 4101 705 4165 Trinitatis
731 4109 764 4164 et
788 4102 934 4166 omnium
956 4108 1153 4179 sanctorum,
1176 4110 1288 4167 nostra

181 4202 280 4266 etiam
305 4203 395 4286 regia
420 4203 622 4282 auctoritate,
646 4226 721 4269 cum
747 4226 905 4269 consensu
927 4211 1024 4287 atque
1049 4204 1199 4269 consultu
1221 4206 1287 4289 pri·

181 4313 306 4368 matum
329 4327 485 4385 meorum,
505 4306 667 4389 interdixi,
686 4313 719 4369 et
741 4315 863 4371 cartam
885 4308 920 4370 in
942 4306 1106 4392 presencia
1124 4327 1197 4371 mea
1219 4309 1287 4372 fieri

177 4408 271 4491 jussi,
292 4415 329 4471 ut
352 4409 460 4473 nullus
480 4431 623 4493 uuquam
645 4410 885 4475 succedentium
908 4430 1032 4493 regum,
1054 4410 1285 4493 episcoporum,
