3234 5125
502 436 824 496 mscsnmusous
842 394 1081 493 ceraunus
1275 434 1327 488 aar

505 660 606 715 mc
625 659 793 714 EADGAR.
830 656 1052 714 boccum

272 812 310 897 ξ
330 805 573 890 Omnipotentis
587 804 651 869 Dei
672 812 862 869 cunctorum
884 811 1010 888 sceptra
1028 802 1169 886 regentis
1183 800 1329 865 modera-

227 909 316 974 mine
329 929 453 991 regum,
468 907 569 972 immo
590 907 694 971 tocius
716 907 815 971 seculi
832 914 1040 990 creatureque
1053 912 1179 970 manetes
1193 903 1330 967 indisso-

227 1012 321 1076 lubili
345 1010 503 1092 regimine
526 1031 618 1094 aeque
643 1009 853 1093 gubernantis
881 1008 1033 1087 habenas,
1057 1006 1159 1091 ipsius
1188 1013 1274 1069 nutu
1299 1012 1332 1069 et

227 1114 337 1198 gracia
350 1112 512 1192 suffultus,
521 1113 593 1196 Ego
601 1112 769 1197 liudgerus
777 1111 917 1176 basileus
930 1111 1047 1175 dilecte
1057 1110 1162 1175 insule
1170 1108 1332 1186 Albiouis,

228 1216 367 1281 subditis
391 1215 486 1279 nobis
512 1216 645 1299 sceptris
669 1218 866 1293 Scottorum,
882 1213 1172 1295 Cumbrorumque,
1192 1233 1229 1276 ac
1243 1210 1332 1275 Brit-

230 1325 357 1397 tonum,
379 1325 413 1382 et
436 1317 583 1381 omnium
606 1317 811 1381 circumcirca
839 1315 1006 1399 regionum
1029 1315 1136 1399 quiete
1161 1334 1238 1399 pace
1261 1334 1332 1397 per·

228 1420 349 1499 fruens,
361 1419 525 1483 studiosus
539 1419 675 1485 sollicite
690 1420 731 1483 de
743 1418 893 1482 laudibus
905 1416 1067 1483 Crantoris
1081 1416 1226 1481 omnium
1241 1437 1334 1480 occu·

229 1543 288 1605 por
302 1520 469 1600 addendis,
484 1542 528 1585 ne
548 1529 659 1585 nostra
679 1521 808 1599 inertia,
823 1520 1007 1603 nostrisque
1024 1519 1137 1584 diebus
1153 1519 1226 1603 plus
1243 1538 1334 1601 eoquo
1395 1564 1398 1569 ,

230 1623 367 1687 servitus
389 1624 459 1707 ejus
481 1631 644 1707 tepescere
660 1622 827 1701 videatur3
852 1628 901 1685 set
919 1642 1032 1706 greges
1047 1620 1279 1685 monachorum
1301 1627 1336 1684 et

231 1726 523 1790 sanctimonialium
537 1726 598 1791 bac
612 1735 723 1790 nostra
736 1732 937 1810 tempestate,
952 1724 1023 1808 ipso
1037 1724 1216 1808 opitulante
1231 1724 1287 1808 qui
1301 1744 1336 1787 se

231 1828 401 1892 nobiscum
414 1849 516 1911 usque
533 1828 569 1892 in
590 1828 690 1892 finem
710 1828 819 1892 saeculi
832 1846 963 1891 manere
980 1825 1168 1912 promittere
1186 1826 1337 1909 dignatus

232 1938 292 2009 est,
317 1930 438 2014 ubique
461 1930 497 1993 in
526 1951 628 2015 regno
649 1937 762 1994 nostro
780 1928 916 1994 desertis
939 1928 1141 1993 monasteriis
1159 1927 1337 2011 antiquitus

232 2033 295 2097 Dei
306 2033 467 2096 famulatu
481 2032 660 2111 deficiente,
669 2053 757 2096 nunc
767 2032 986 2110 reviviscente,
999 2032 1171 2115 adsurgere
1180 2030 1337 2115 cupimus,

233 2135 293 2199 sub
305 2134 418 2199 Sancti
430 2135 600 2199 Benedicti
615 2134 739 2199 abbatis
752 2134 865 2218 regula
878 2134 1031 2213 viventes,
1043 2133 1194 2217 quatinus
1208 2133 1337 2197 illorum

233 2244 364 2322 precatu
382 2244 416 2301 et
432 2237 563 2319 vigente
588 2237 744 2321 religione
770 2244 882 2301 sancta
907 2236 1045 2301 servitus
1065 2236 1128 2301 Dei
1150 2256 1209 2300 nos
1232 2235 1338 2319 ipsum

234 2340 396 2424 placatum
410 2347 569 2404 rectorem
582 2340 702 2404 habere
716 2360 882 2423 queamus.
924 2338 1022 2403 Unde
1036 2338 1218 2423 frequentes
1233 2337 1338 2402 moni·

234 2450 288 2506 tus
316 2442 507 2507 venerabilis
533 2442 710 2526 Apelwoldi
744 2440 884 2525 episcopi
910 2441 1101 2506 cordetenus
1129 2448 1339 2525 pertractans,

235 2544 330 2630 cupio
347 2544 507 2610 honorare
526 2544 589 2610 boc
603 2543 772 2629 privilegio
785 2542 945 2627 rebusque
959 2543 1095 2627 copiosis
1109 2544 1341 2609 monasterium

236 2647 321 2731 quod
345 2647 381 2710 in
402 2648 533 2731 regione
553 2647 630 2731 Elig
651 2648 752 2710 situm'
769 2646 948 2710 dinoscitur
965 2647 1154 2730 antiquitus,
1172 2667 1209 2710 ac
1230 2646 1341 2711 Sancti
1412 2642 1416 2651 ⁴

237 2751 330 2815 Petri
347 2751 565 2834 apostolorum
582 2749 735 2833 principis
750 2749 871 2812 bonore
886 2748 1079 2827 dedicatum,
1092 2748 1342 2831 decoratumque

238 2854 382 2937 reliquiis
406 2861 440 2918 et
467 2853 632 2917 miraculis
656 2852 751 2916 dmae
774 2850 908 2933 virginis
931 2851 1135 2936 E'deldrydae,
1159 2851 1251 2934 cujus
1276 2850 1344 2914 vita

238 2955 429 3020 venerabilis
450 2955 545 3019 nobis
564 2954 727 3019 modernis
740 2953 877 3017 historia
886 2953 1068 3036 Anglorum
1087 2954 1256 3036 promitur,
1272 2975 1343 3037 quse

238 3058 341 3121 eciam
356 3057 595 3141 incorruptibili
613 3077 745 3140 corpore
760 3055 916 3119 hactenus
934 3055 1064 3119 condita
1080 3055 1243 3120 mausoleo
1258 3075 1342 3119 mar-

241 3181 349 3224 moreo
371 3159 445 3223 albo
466 3159 651 3242 perdurat¹.
697 3159 805 3223 Locus
820 3157 958 3240 denique
977 3157 1160 3242 praedictus,
1177 3157 1344 3222 deficiente

240 3262 368 3326 servitio
391 3262 464 3341 Dei,
490 3269 602 3326 nostra
622 3268 718 3326 oetate
741 3260 842 3344 regali
869 3259 946 3324 fisco
973 3259 1120 3323 subditus
1147 3267 1235 3339 erat3
1259 3267 1346 3324 seta

242 3365 374 3429 secretis
394 3372 505 3430 noster
519 3363 723 3450 Abelwoldus
740 3364 866 3447 Dcique
889 3368 1023 3440 amator,
1040 3361 1157 3425 diocesi
1171 3362 1344 3447 Wyntoni·

242 3467 328 3531 ensis
345 3466 486 3540 civitatis
502 3466 652 3549 fungens,
667 3466 751 3529 datis
768 3465 862 3529 nobis
880 3464 1044 3548 sexaginta
1063 3464 1196 3528 cassatis
1216 3465 1253 3528 in
1272 3465 1348 3528 villa

243 3591 314 3652 quae
330 3569 371 3633 ab
389 3567 505 3633 accolis
521 3567 719 3651 Heus-tinges
733 3574 948 3652 nuncupatur,
964 3568 1124 3630 mutuavit
1142 3565 1250 3631 locum
1264 3587 1346 3651 prae-

242 3671 366 3736 dictum
383 3691 458 3734 cum
475 3669 670 3754 appendiciis
689 3669 770 3753 ejus,
789 3668 1058 3752 augmentavique
1072 3669 1268 3733 mutuationi
1282 3677 1347 3733 tres

243 3774 422 3856 villasque
442 3771 506 3836 hiis
521 3771 707 3840 nominibus
720 3771 914 3849 vocitantur,
931 3771 1154 3850 Meldeburns,
1170 3770 1349 3854 Easninga·

153 3955 156 3961 ,
244 3875 327 3954 sord,
348 3873 553 3953 Northwold,
580 3882 614 3937 et
641 3873 710 3956 ipse
738 3873 814 3938 ilico
839 3873 1024 3951 monachos,
1052 3893 1124 3937 meo
1153 3873 1286 3938 consilio
1315 3881 1348 3936 et

246 3976 471 4055 auxilio,..Deo
495 3973 633 4038 fideliter
660 3975 802 4058 regulari
833 3996 947 4039 norma
979 3975 1152 4039 servientes
1184 3974 1349 4059 perplures

245 4079 325 4143 inibi
347 4079 525 4157 collocavit,
542 4077 721 4162 quibusque
740 4077 1150 4161 Bribtnotbum'quendam
1172 4077 1348 4162 sapientem

247 4189 281 4245 et
301 4181 383 4245 bene
405 4180 636 4263 morigeratum
662 4180 768 4244 virum
797 4179 960 4264 praepositi
986 4180 1060 4264 jure
1088 4179 1241 4263 prefecit.
1286 4179 1349 4244 Cui

247 4283 374 4348 effectui
400 4283 573 4348 admodum
605 4303 665 4366 ego
696 4281 910 4366 congaudens,
934 4281 1127 4346 letabundus
1155 4304 1215 4368 pro
1242 4301 1350 4346 amore

558 4423 567 4452 ¹
586 4420 639 4474 See
650 4419 733 4490 Beda,
746 4419 820 4473 Hinc
834 4419 937 4474 Ecclsa
951 4419 987 4474 iv.
1001 4420 1042 4473 19.
