3234 5125
497 432 818 488 MISOELLANEOUS
837 432 1049 489 CHARTERS.
1277 432 1330 485 205

223 608 425 667 sacramento
433 622 508 667 xxx.
520 603 686 683 librarum,
691 603 819 668 easdem
830 602 967 685 triginta
974 602 1073 666 libras
1082 608 1207 685 patrem
1221 622 1329 665 mcum

223 703 430 787 persolvisse;
453 706 550 787 quod,
565 712 650 769 teste
671 713 742 771 toto
765 726 876 789 regno,
898 705 981 789 apud
996 702 1186 788 Agelesford
1210 705 1328 787 peregi.

226 806 290 870 Sed
301 829 367 870 non
383 815 461 872 tunc
476 807 606 891 quidem
620 809 712 891 potui
725 816 846 872 terram
861 828 966 871 meam
980 806 1098 870 habere
1114 807 1331 889 quoadusque

226 908 321 971 amici
336 910 400 972 mei
417 931 527 993 regem
542 909 774 974 Eaduuardum
796 909 956 988 adierim,
973 918 1006 973 et
1025 908 1118 972 illum
1139 930 1198 993 pro
1220 908 1331 973 eadem

224 1018 311 1074 terra
332 1012 561 1096 requisierunt.
581 1028 585 1045 ¹
607 1012 675 1078 Qui
697 1012 846 1077 videlieet
871 1034 927 1076 rex
953 1012 1057 1075 eidem
1080 1011 1220 1090 Godoni,
1237 1032 1332 1094 super

223 1134 352 1177 omnem
366 1114 522 1179 honorem
537 1136 633 1197 quem
653 1115 692 1179 de
714 1136 789 1199 rege
803 1114 921 1193 tenuit,
941 1114 1127 1198 praedictam
1143 1121 1262 1178 terram
1281 1114 1330 1177 in-

224 1215 367 1295 terdixit,
383 1217 493 1300 sieque
507 1224 626 1280 terram
645 1217 778 1281 dimisit.
824 1217 903 1280 Non
918 1217 1022 1281 multo
1037 1223 1145 1280 autem
1159 1224 1235 1300 post
1248 1225 1330 1280 tem·

224 1338 301 1399 pore
316 1318 453 1401 contigit
462 1318 601 1382 eundem
613 1319 782 1382 Godonem
794 1339 903 1382 eoram
918 1340 993 1402 rege
1007 1318 1055 1382 ita
1064 1318 1232 1401 inculpari,
1244 1318 1330 1401 quod

225 1440 283 1503 per
293 1419 453 1502 judicium
464 1419 628 1504 judicatus
650 1420 694 1482 ait
707 1419 840 1503 perdere
859 1421 969 1483 omnia
983 1442 1055 1503 quae
1070 1420 1109 1483 de
1123 1441 1199 1502 rege
1213 1421 1330 1499 tenuit,

227 1521 390 1616 vitamque
405 1523 474 1606 ejus
489 1543 558 1586 esse
571 1521 743 1606 injudicio
756 1522 852 1607 regis.
884 1524 955 1586 Rex
970 1530 1078 1586 autem
1094 1522 1182 1586 dedit
1193 1522 1329 1587 eundem

226 1623 325 1687 michi
348 1632 381 1688 et
396 1625 506 1688 omnia
527 1647 586 1689 sua
605 1646 680 1688 cum
694 1624 786 1687 libris
801 1624 946 1688 omnium
962 1632 1121 1688 terrarum
1137 1646 1277 1703 suarum,
1292 1633 1331 1689 ut

225 1726 264 1790 de
293 1747 332 1790 eo
354 1727 492 1791 facerem
516 1726 692 1791 secundum
717 1726 802 1810 quod
831 1728 1028 1810 promeruit;
1060 1727 1118 1791 sed
1145 1726 1269 1790 reddidi
1299 1728 1329 1791 ei

225 1849 336 1893 omnes
366 1837 467 1893 terras
497 1850 572 1892 suas
602 1836 734 1911 excepta
765 1836 852 1893 terra
877 1828 1015 1894 duorum
1041 1837 1220 1893 aratrorum
1243 1830 1327 1913 apud

225 1931 418 1995 Osterland:
447 1931 546 1995 libros
570 1937 679 1994 autem
704 1938 863 1994 terrarum
895 1951 960 1994 non
983 1930 1108 1994 reddidi
1131 1931 1171 2009 ei,
1195 1930 1329 2015 probare

225 2034 311 2097 enim
325 2034 411 2099 volui
427 2056 524 2117 quam
539 2034 636 2097 iidem
656 2033 696 2097 de
718 2033 872 2098 beneficio
888 2040 1000 2097 contra
1014 2039 1064 2096 tot
1078 2034 1211 2117 injurius
1229 2035 1328 2099 michi

226 2136 336 2200 abillo
351 2137 457 2200 illatas
470 2145 581 2199 tenere
592 2136 697 2199 vellet.
735 2136 898 2200 Defuncto
908 2144 1016 2199 autem
1028 2135 1158 2200 domino
1170 2158 1241 2201 meo
1256 2160 1329 2221 rege

226 2238 429 2317 Eaduuardo,
445 2238 656 2301 AEoelstanus
679 2238 765 2300 filius
788 2238 928 2321 suscepit
951 2258 1086 2322 regnum
1096 2264 1106 2317 ;
1131 2261 1226 2323 quem
1240 2241 1327 2304 vide-

224 2340 301 2403 lieet
314 2360 423 2424 regem
444 2340 612 2423 requisivit
626 2340 713 2403 idem
729 2339 833 2419 Godo,
849 2348 887 2403 ut
902 2361 961 2424 pro
980 2362 1019 2403 eo
1041 2363 1094 2406 me
1108 2351 1236 2424 rogaret
1251 2366 1328 2427 qua-

225 2442 314 2505 tinus
342 2442 374 2507 ei
402 2442 569 2506 redderem
598 2440 698 2505 libros
725 2449 885 2505 terrarum
917 2464 1059 2506 suarum.
1117 2446 1189 2527 Ego
1220 2454 1328 2510 autem

225 2543 373 2625 libenter,
398 2543 523 2610 devicta
547 2565 656 2609 amore
678 2544 827 2609 videlicet
849 2544 935 2628 regis
950 2545 1142 2625 AE'delstani,
1164 2548 1194 2611 ei
1218 2570 1329 2614 omnes

225 2647 324 2711 libros
343 2656 502 2711 terrarum
525 2669 656 2710 suarum
674 2646 811 2725 reddidi,
827 2654 959 2730 excepto
974 2648 1058 2712 libro
1073 2649 1112 2712 de
1127 2651 1328 2730 Osterlande‚

226 2773 321 2834 quem
343 2751 465 2815 scilicet
479 2750 647 2814 humiliter
660 2749 746 2814 bona
759 2750 925 2814 voluntate
943 2750 1075 2814 dimisit.
1121 2735 1258 2838 Insuper
1272 2775 1330 2838 pro

226 2875 260 2918 se
274 2860 308 2916 et
321 2852 471 2916 omnibus
493 2853 681 2936 parentibus
703 2851 780 2931 suis,
794 2851 881 2916 natis
901 2859 934 2915 et
947 2853 1093 2917 nondum
1115 2857 1211 2934 natis,
1225 2879 1328 2921 nunc-

226 2978 322 3039 quam
338 2955 569 3039 querimoniam
585 2955 726 3018 facturos
742 2954 781 3018 de
797 2953 949 3037 praedicta
959 2961 1055 3034 terra,
1068 2977 1175 3021 secum
1191 2961 1329 3043 acceptis

226 3059 376 3123 undecim
403 3057 605 3141 comparibus
628 3057 705 3135 suis,
732 3055 833 3119 michi
859 3064 1094 3120 sacramentum
1123 3057 1208 3123 fecit.
1255 3062 1329 3125 Hoc

226 3169 335 3225 autem
349 3161 471 3225 factum
487 3168 535 3224 est
549 3160 585 3222 in
598 3160 670 3223 loco
678 3157 735 3242 qui
746 3157 932 3222 nominatur
943 3159 1083 3223 Hamme
1095 3159 1189 3243 juxta
1198 3162 1329 3227 Laewes.

226 3265 297 3346 Ego
321 3271 429 3326 autem
438 3261 600 3346 amgyua
618 3260 717 3323 habui
741 3267 861 3323 terram
884 3281 958 3324 cum
980 3260 1063 3326 libro
1085 3262 1124 3325 de
1140 3264 1330 3328 Osterlande

226 3366 338 3431 diebus
352 3365 489 3429 duorum
503 3385 627 3446 regum,
639 3362 823 3426 AEdelstani
838 3369 872 3424 et
883 3362 1076 3442 Eadmundi,
1087 3364 1225 3429 filiorum
1241 3389 1327 3432 meo-

226 3490 309 3532 rum.
355 3467 503 3532 Eudredo
526 3486 652 3549 quoque
674 3485 758 3547 rege,
774 3465 842 3529 filio
863 3486 947 3542 mec,
968 3465 1130 3546 defimoto,
1154 3467 1330 3552 despoliata

226 3593 298 3634 sum
321 3569 471 3634 omnibus
494 3568 589 3632 terris
617 3567 699 3631 meis
722 3574 755 3632 et
780 3567 887 3631 rebus.
934 3567 1008 3631 Duo
1033 3590 1159 3652 quoque
1182 3571 1241 3634 filii
1260 3574 1329 3656 jam

227 3695 312 3756 aaepe
326 3672 486 3736 nominati
500 3670 656 3748 Godonis‚
672 3669 867 3734 Leofstanus
886 3677 919 3732 et
934 3670 1110 3751 Leofricus,
1127 3659 1330 3739 abstulerunt

226 3775 326 3840 michi
339 3775 420 3838 duas
435 3773 579 3857 superins
594 3773 777 3836 nominatas
790 3779 903 3851 terras,
916 3773 1069 3856 Culinges
1084 3783 1117 3838 et
1128 3775 1328 3856 Osterlande,

226 3886 446 3962 veneruntque
469 3877 510 3941 ad
531 3897 667 3960 puerum
681 3875 876 3953 Eudamum,
893 3875 948 3957 qui
970 3883 1048 3941 tunc
1067 3877 1193 3940 noviter
1207 3880 1330 3945 levatus

228 3988 277 4044 est
291 3981 325 4044 in
343 4001 462 4064 regem,
478 3987 511 4043 et
526 3978 677 4042 dixerunt
692 3998 725 4040 se
742 3978 899 4061 majorem
918 3979 1083 4061 justiciam
1100 3979 1136 4043 in
1154 3981 1219 4046 illis
1236 3986 1331 4049 terris

226 4083 346 4148 habere
360 4103 457 4165 quam
472 4102 541 4164 ego.
588 4079 742 4144 Remansi
759 4100 836 4162 ergo
857 4080 922 4142 illis
939 4082 1032 4144 terris
1050 4089 1083 4144 et
1097 4083 1246 4148 omnibus
1260 4087 1331 4152 aliis

227 4185 351 4270 privetu
365 4205 467 4267 usque
487 4183 527 4247 ad
547 4191 692 4266 tempora
705 4181 846 4264 Eadgari
869 4182 963 4266 regis.
1010 4183 1075 4248 Qui
1098 4204 1171 4248 cum
1191 4188 1330 4256 audisset

228 4310 281 4351 me
302 4287 349 4350 ita
368 4286 611 4350 dehonestatam
633 4292 667 4349 et
681 4285 899 4368 despoliatam,
916 4285 1002 4348 idem
1023 4306 1079 4348 rex
1093 4285 1259 4371 Eadgarus
1281 4313 1330 4357 re-

229 4390 336 4453 stituit
346 4389 426 4452 mihi
441 4397 543 4454 terras
557 4408 645 4450 meaa
660 4395 693 4450 et
708 4387 817 4450 omnia
831 4408 911 4450 mea.
947 4387 1018 4469 Ego
1032 4395 1140 4452 autem
1154 4390 1284 4458 lieentia
1299 4406 1331 4459 et
