3234 5125
196 1107 835 1225 DIPLOMATARIUM
894 1110 1295 1229 ANGLIOUM

487 1406 616 1499 nvi
668 1407 999 1503 ssxorror.

604 1762 887 1785 ψ

332 2048 365 2120 Ι.
393 2048 839 2123 MISGELLANEOUS
866 2050 1162 2125 oHAanRS.

287 2425 413 2481 *KING
431 2424 705 2483 AETHELBERHT
723 2428 772 2484 OF
789 2428 901 2484 KENT.
937 2428 1019 2485 JAN.
1038 2431 1099 2485 9111
1116 2429 1212 2486 Dcv.

197 2577 236 2656 ᾧ
253 2575 294 2638 In
308 2574 439 2639 nomine
454 2583 565 2640 sancta
580 2583 613 2640 et
624 2575 788 2642 individua
802 2577 981 2641 Trinitatis.
1027 2578 1098 2641 Rex
1112 2579 1296 2661 Anglorum

196 2677 431 2756 AEthelbertns,
447 2679 667 2744 misericordia
682 2679 925 2763 Omnipotentis
940 2679 1005 2743 Dei
1022 2680 1210 2759 catholicus,
1228 2703 1297 2745 om-

196 2779 289 2843 nibus
312 2802 369 2844 sue
387 2782 493 2864 gentis
511 2781 672 2859 fidelibus,
687 2790 720 2846 et
744 2781 918 2846 adventum
933 2781 1035 2865 glorie
1052 2781 1164 2864 magni
1178 2781 1242 2846 Dei
1264 2790 1299 2846 et

197 2882 371 2946 Salvatoris
381 2884 485 2947 nostri
497 2884 518 2946 J
520 2905 577 2947 asu
588 2883 710 2947 Christi
721 2883 817 2948 beata
825 2905 882 2967 spe
893 2882 1148 2967 expectantibus,
1160 2884 1297 2948 salutem

194 2984 323 3067 viteque
347 2993 457 3050 eterna
484 2985 730 3051 beatitudinem.
777 2986 952 3069 Largienta
972 2987 1092 3049 summi
1113 2986 1213 3069 Regis
1234 2987 1298 3050 cle-

195 3086 328 3164 mentia,
343 3107 403 3168 ego
419 3085 640 3150 AEthelbcrtus
659 3087 739 3151 solio
759 3093 895 3170 paterno
918 3087 1139 3163 confirmatus,
1154 3107 1298 3172 paceque

195 3188 349 3252 divinitus
365 3209 526 3268 concessa,
543 3211 581 3254 eo
593 3190 661 3274 jam
676 3212 733 3274 per
748 3190 859 3254 decem
870 3189 1092 3274 quinquennia
1102 3191 1299 3274 sceptrigera

194 3297 354 3372 potestate
383 3292 517 3374 potitus,
547 3299 580 3356 et
609 3315 666 3376 per
689 3293 887 3357 venerabiles
917 3313 1006 3357 suere
1034 3293 1109 3356 fidei
1139 3293 1298 3372 doctores,

196 3392 337 3473 Spiritus
353 3393 465 3460 Sancti
480 3394 594 3476 gratia,
610 3393 794 3473 irradiatus,
812 3394 852 3458 ab
870 3415 978 3459 errore
991 3393 1149 3458 falsomm
1163 3395 1298 3459 deorum

194 3493 235 3557 ad
249 3495 347 3558 unius
362 3495 430 3559 veri
444 3497 508 3560 Dei
522 3497 648 3560 cultum
669 3504 741 3562 toto
758 3497 855 3561 corde
877 3517 1070 3574 conversus;
1093 3517 1135 3559 ne
1148 3495 1297 3579 ingratus

194 3593 424 3659 beneficiorum
455 3617 624 3680 appaream
653 3597 703 3661 illi
733 3620 752 3660 a
781 3599 874 3681 cujus
901 3605 1014 3662 sancta
1043 3597 1117 3661 sede
1142 3597 1236 3662 nobis
1261 3599 1297 3662 in

194 3699 326 3780 regione
344 3698 459 3763 umbre
479 3701 593 3763 mortis
611 3700 797 3764 sedentibus
816 3702 873 3764 lux
887 3699 1032 3764 veritatis
1053 3701 1196 3779 emicuit,
1212 3701 1299 3766 inter

196 3800 274 3863 alias
301 3822 379 3884 quas
402 3801 554 3866 fabricavi
578 3803 738 3880 ecclesias,
759 3803 889 3867 monitu
912 3812 945 3867 et
966 3801 1100 3866 hortatu
1118 3802 1299 3867 beatissimi

195 3923 276 3984 pape
288 3901 438 3985 Gregorii
453 3911 486 3966 et
498 3906 601 3968 sancti
612 3905 713 3987 patris
719 3905 829 3969 nostri
838 3905 1026 3988 Augustini,
1038 3905 1100 3990 ipsi
1109 3904 1298 3969 beatissimo

196 4005 415 4086 apostolorum
430 4006 569 4090 principi
583 4008 691 4084 Petro,
708 4014 741 4070 et
757 4008 882 4072 doctori
902 4009 1049 4090 gentium
1066 4007 1180 4085 Paulo,
1196 4008 1296 4072 ecole-

194 4105 276 4169 siam
298 4128 316 4170 a
337 4107 556 4172 fimdamentis
580 4109 758 4186 construxi,
777 4131 913 4193 eamque
933 4111 1026 4174 terris
1048 4110 1207 4192 variisque
1224 4130 1297 4191 pos-

195 4209 375 4272 sessionum
390 4210 531 4274 donariis
543 4211 693 4276 decorare
708 4212 830 4291 studui,
841 4212 987 4296 inibique
1000 4211 1176 4276 monachos
1190 4212 1298 4275 Deum

196 4309 349 4376 timentes
377 4314 544 4396 aggregari
570 4314 643 4392 feci,
667 4322 700 4377 et
726 4336 800 4378 cum
825 4315 959 4379 consilio
981 4313 1124 4397 ejusdem
1150 4335 1297 4379 reveren·

1103 4436 1123 4477 n
