3234 5125
472 452 791 507 succenseamus
811 442 1025 507 cunenses.
1215 428 1219 433 ’
1265 454 1298 507 17

192 625 266 691 culo
295 624 502 709 dissipentur,
534 626 596 689 nisi
626 626 801 690 autoritate
835 626 1014 704 literarum,
1046 632 1080 689 et
1112 623 1300 689 testimonio

193 728 481 813 chirographorum
499 727 533 791 in
548 735 735 813 perpetuam
757 727 948 792 memoriam
963 726 1084 791 fixerint
1099 724 1299 810 consignata.

195 831 401 915 Quapropter
435 852 496 913 ego
529 830 742 895 Ethelbaldus
770 850 827 895 rex
856 830 1066 908 Marciorum,
1098 850 1158 914 pro
1192 849 1301 895 amore

194 934 335 999 coelestis
355 934 477 1017 patriae,
499 941 533 997 et
553 954 611 1017 pro
625 932 846 1017 redemptione
861 933 977 998 animae
997 954 1088 1012 meae,
1104 932 1301 998 studendum

194 1058 264 1102 esse
293 1036 428 1121 providi,
456 1042 493 1100 ut
518 1058 589 1101 eam
613 1036 774 1121 perbona
798 1058 896 1123 opera
919 1036 1055 1101 liberam
1079 1037 1237 1101 efficerem
1260 1035 1317 1101 ab'

195 1140 285 1204 omni
300 1139 429 1203 vinculo
443 1138 646 1205 delictorum.
692 1140 781 1207 Dum
796 1140 884 1204 enim
902 1140 984 1203 mihi
1001 1139 1226 1223 Omnipotens,
1244 1160 1301 1222 per

187 1242 449 1307 misericordiam
465 1242 645 1307 clementiae
654 1264 731 1321 suae,
742 1242 864 1327 absque
874 1242 942 1305 ullo
953 1241 1164 1306 antecedente
1172 1242 1299 1321 merito,

195 1353 323 1429 sceptra
347 1345 439 1429 regni
466 1344 601 1427 largitus
625 1353 684 1424 est,
714 1344 788 1409 ideo
813 1345 953 1409 libenter
977 1366 1017 1409 ex
1042 1366 1081 1409 eo
1104 1345 1192 1428 quod
1213 1344 1301 1409 dedit

197 1449 350 1513 retribuo.
406 1448 515 1533 Hujus
543 1448 592 1511 rei
621 1448 735 1531 gratia,
765 1448 850 1512 hanc
878 1448 1085 1512 donationem
1115 1468 1220 1512 meam
1248 1469 1302 1512 me

198 1550 325 1615 vivente
345 1550 496 1629 concedo,
512 1555 549 1613 ut
567 1550 677 1615 omnia
699 1550 895 1614 monasteria
914 1558 948 1613 et
965 1549 1108 1613 ecclesiae
1125 1550 1217 1633 regni
1237 1550 1302 1614 mei

197 1675 218 1717 a
232 1652 368 1737 publicis
382 1652 601 1736 vectigalibus,
617 1652 776 1736 operibus,
792 1660 826 1715 et
840 1652 992 1716 oneribus
1007 1650 1222 1731 absolvantur,
1238 1652 1302 1716 nisi

198 1756 235 1819 in
253 1755 466 1821 instructione
487 1754 633 1819 archium
648 1755 698 1819 vel
714 1755 862 1839 pontium
882 1774 954 1838 quae
972 1776 1139 1837 nunquam
1153 1755 1213 1817 ulli
1227 1776 1300 1838 pos-

198 1866 276 1922 sunt
298 1859 408 1922 lauari.
454 1860 615 1921 Praeterea
637 1857 776 1921 habeant
799 1856 912 1920 famuli
935 1857 997 1921 Dei
1022 1852 1185 1941 propriam
1206 1857 1301 1922 liber·

199 1972 302 2029 tatem
324 1964 360 2026 in
385 1963 526 2047 proficuo
548 1961 712 2039 silvarum,
731 1961 767 2023 in
791 1960 899 2023 fructu
923 1980 1084 2044 agrorum,
1110 1959 1146 2023 in
1169 1968 1304 2045 captura

198 2066 336 2151 piscium
346 2091 355 2144 3
379 2086 439 2129 nec
458 2064 651 2128 munuscada
669 2062 834 2147 praebeant
856 2063 925 2146 regi
945 2062 996 2127 vel
1014 2062 1223 2147 principibus,
1239 2063 1302 2126 nisi

199 2168 391 2247 voluntaria,
418 2166 475 2231 sed
497 2166 591 2231 liberi
616 2166 758 2230 serviant
787 2165 939 2244 Domino,
965 2165 1003 2227 in
1029 2165 1303 2250 contemplatione

199 2272 343 2357 pacifica,
358 2293 416 2355 per
429 2278 534 2335 totum
549 2290 686 2352 regnum
700 2290 820 2345 meum,
835 2266 986 2351 usquein
1001 2288 1115 2331 seuam.

425 2715 443 2750 ¹*
456 2705 552 2760 KING
570 2705 637 2760 lNE
656 2705 704 2760 OF
722 2705 888 2759 WESSEX.
926 2703 1099 2760 DCCXXV.

514 2862 668 2906 cassans
683 2861 723 2905 ro
738 2840 1003 2905 osasrousuarh

249 2993 379 3078 Adjuva
392 3013 452 3056 nos
467 2992 556 3055 Deus
570 2989 720 3054 salutaris
734 2997 855 3054 noster.
902 2989 1113 3072 Quecumque
1129 2985 1306 3051 secundum

206 3095 335 3160 decreta
349 3114 510 3159 canonum
529 3098 626 3176 atque
643 3091 857 3158 ecclesiastica
870 3091 1023 3156 instituta
1036 3090 1158 3155 salubri
1173 3087 1307 3153 consilio

205 3197 418 3275 diffiniuntur,
430 3217 624 3281 quamquam
639 3215 744 3258 sermo
754 3203 884 3258 tantum
899 3195 1018 3279 absque
1032 3202 1125 3258 textu
1138 3193 1307 3268 sufficeret,

205 3310 316 3366 tamen
330 3299 482 3385 quoniam
502 3299 688 3383 plerumque
705 3297 826 3362 nostris
840 3297 1038 3382 temporibus
1053 3303 1260 3381 tempestates
1275 3300 1308 3358 et

207 3403 352 3468 turbines
380 3401 571 3466 secularium
599 3421 717 3478 rerum,
743 3400 844 3464 eciam
873 3409 982 3484 portas
1011 3400 1144 3465 ecclesie
1167 3401 1307 3484 pulsant,

206 3507 324 3572 iccirco
345 3527 440 3589 opere
458 3505 600 3589 precium
621 3503 815 3582 censuimus,
830 3503 872 3567 ob
890 3503 1047 3567 cautelam
1062 3504 1256 3582 fiaturorum,
1272 3525 1310 3568 ea

207 3631 281 3695 quae
296 3608 432 3672 diffinita
446 3616 522 3671 sunt
536 3606 662 3691 paginis
682 3607 913 3690 scripturaram
933 3614 1114 3686 annectere,
1130 3629 1171 3672 ne
1186 3608 1222 3671 in
1234 3617 1308 3692 pos-

207 3722 315 3777 terum
344 3709 496 3776 oblivioni
522 3709 642 3773 tradita
664 3709 866 3793 ignorentur.
913 3709 1117 3794 Quapropter
1146 3732 1206 3794 ego
1236 3712 1307 3789 Ina,

207 3816 309 3900 regali
338 3815 439 3879 fratirs
468 3813 626 3896 dignitate
655 3833 674 3876 a
696 3812 848 3891 Domino,
871 3833 945 3877 cum
967 3814 1101 3878 consilio
1127 3813 1311 3897 Sexburge⁹

208 3917 330 4002 regine,
346 3924 379 3982 et
401 3915 535 3980 licencia
558 3913 782 3993 Beorthwaldi,
800 3915 1056 3980 Dorobernensis
1077 3916 1209 3981 ecclesie
1230 3937 1309 4000 pcn-

207 4021 315 4098 tidcis,
345 4025 379 4084 et
406 4017 552 4083 omnium
581 4017 855 4101 suffraganeorum
880 4040 1022 4098 suorum,
1053 4041 1177 4085 necnon
1208 4020 1309 4084 eciam

208 4125 342 4188 hortatu
362 4121 514 4186 Baldredi
532 4128 564 4184 et
579 4120 749 4185 Athelardi
766 4121 1023 4204 subregulorum,
1039 4121 1170 4186 ecclesie
1184 4128 1311 4186 vetarste

208 4249 271 4310 quc
286 4231 335 4290 est
350 4225 384 4288 in
398 4224 470 4288 loco
485 4223 541 4306 qui
555 4223 673 4288 dicitur
685 4223 837 4303 Glasteie,
854 4246 951 4308 qnam
966 4245 1102 4306 magnus
1116 4224 1263 4288 sacerdos
1277 4235 1310 4288 et

440 4379 448 4408 ¹
467 4377 494 4428 A
506 4375 611 4448 glaring
622 4375 748 4430 monkish
759 4375 873 4449 forgery.

439 4461 452 4490 ²
467 4456 631 4512 AEtbelburh
643 4475 699 4512 was
711 4458 758 4512 the
770 4475 848 4512 name
860 4459 891 4512 of
899 4457 970 4511 lne's
981 4476 1075 4530 queen.

1119 4568 1137 4610 c
