3234 5125
461 458 781 517 nisounnsnnous
800 462 1014 521 canardus.
1270 474 1287 526 3

181 622 296 704 fidelis,
312 646 409 711 super
423 628 528 695 multa
542 638 575 695 te
589 631 803 699 eonstituam:
828 635 916 702 intra
928 637 964 702 in
986 638 1140 723 gaudium
1154 639 1288 707 Domini

179 725 266 791 tui.»

226 828 324 897 Hane
347 830 554 899 donationem
580 857 685 901 meam
713 838 748 902 in
777 841 909 905 nomine
935 843 1053 922 Patris,
1077 853 1112 909 et
1138 846 1223 926 Filii,
1252 857 1287 913 et

180 931 322 1017 Spiritus
337 934 458 1016 Sancti,
473 936 622 1023 largitate
636 939 744 1005 divina
758 950 796 1007 nt
811 943 891 1009 mihi
905 943 1069 1012 tribuatur
1082 958 1286 1033 peoestorum

180 1035 338 1115 remissio,
353 1060 411 1122 per
430 1040 540 1105 omnis
562 1063 637 1106 oum
662 1043 797 1109 oonsilio
822 1047 1072 1113 reverentissimi
1096 1051 1198 1135 patris
1214 1055 1284 1117 Au·

180 1140 305 1221 giustini
319 1141 457 1220 eondidi,
473 1152 571 1227 atque
586 1144 626 1208 ad
640 1147 921 1212 transcribendum
928 1151 1182 1233 Augemundum
1196 1176 1284 1239 pres·

180 1239 322 1307 biterum
335 1244 489 1309 ordinavi.
534 1247 586 1310 De
599 1245 651 1311 his
666 1270 743 1333 ergo
757 1250 982 1335 omnibusque
995 1252 1048 1318 bie
1063 1256 1181 1340 scripta
1195 1265 1283 1335 sunt,

179 1343 209 1406 si
223 1344 296 1427 quis
310 1345 431 1430 aliquid
444 1348 520 1413 inde
535 1350 681 1415 minuere
700 1354 940 1437 presumpserit,
957 1355 1039 1419 sciat
1056 1377 1091 1422 se
1110 1358 1285 1442 equissimo

176 1446 280 1531 judici
301 1450 372 1515 Deo
394 1459 427 1515 et
449 1449 550 1517 beatis
565 1454 717 1537 apostolis
740 1456 839 1520 Petro
860 1465 894 1521 et
916 1458 1019 1523 Paulo
1039 1460 1198 1526 rationem
1215 1483 1283 1527 esse

180 1550 391 1618 redditurum.
437 1555 636 1621 Confirmata
656 1556 720 1640 [est
733 1557 806 1641 hoo]
828 1558 961 1623 donatio
974 1563 1178 1644 presentibus
1190 1564 1288 1629 testi·⁴

178 1652 240 1717 bus
265 1655 520 1723 reverentissimo
550 1666 640 1742 patre
669 1659 854 1743 Augustino
875 1660 1129 1729 Dorovernensis
1151 1666 1283 1731 eoelesie

178 1756 416 1843 archispisoopo
445 1760 559 1843 primo,
575 1760 705 1825 Mellito
728 1772 910 1846 quoquest
932 1765 1283 1844 summouisset

179 1860 331 1927 Rofensis
352 1862 483 1929 ecclesie
497 1864 688 1947 presulibus,
704 1872 737 1929 et
755 1866 907 1949 religioso
923 1867 1046 1933 famulo
1060 1868 1184 1936 Christi
1194 1872 1280 1937 Lan·

178 1963 288 2027 reneio
316 1963 502 2047 presbitero,
527 1966 688 2031 AEdbaldo
718 1967 784 2033 filio
814 1988 897 2047 meo,
930 1970 1125 2057 Hamigisilo
1153 1974 1280 2059 [duee],

177 2066 394 2148 Augemnndo
408 2068 631 2147 referendario,
656 2070 766 2135 Hoeea
785 2070 847 2155 [et]
869 2073 1055 2157 Graphioue
1074 2075 1276 2163 [eomitibus]

177 2167 341 2251 Tangisilo
363 2178 396 2235 et
421 2171 521 2235 Pinea
543 2180 577 2236 et
599 2172 704 2239 Geddi
726 2181 760 2237 et
781 2174 936 2239 Aldbuno
957 2177 1042 2259 regis
1059 2180 1279 2263 optimatibus,

177 2270 310 2354 aliisque
325 2272 470 2357 pluribus
484 2273 680 2357 dignitatum
696 2275 894 2341 diversarum
908 2280 1061 2363 personis.

221 2372 343 2437 Actum
363 2396 439 2441 sane
460 2376 703 2459 quadragesimo
729 2377 843 2461 quinto
866 2400 951 2443 enno
974 2381 1065 2465 regni
1087 2386 1202 2465 nostn',
1219 2386 1280 2451 sub

176 2473 230 2539 die
245 2476 288 2541 V.
306 2476 386 2541 Idus
401 2479 421 2541 J
424 2478 556 2543 aunarii

597 2949 616 2985 ⁸
627 2941 880 2998 AUGUSTINUS.

220 3089 260 3171 ›1‹
276 3089 493 3152 Aususmuus
504 3087 672 3170 episeopus
687 3084 888 3150 Dorobernie
898 3083 992 3164 sedis,
1006 3085 1155 3166 famulus,
1171 3109 1277 3170 quem,

169 3211 315 3275 superne
343 3190 519 3274 inspiranto
549 3189 728 3268 elementia,
759 3187 964 3254 beatissimus
984 3210 1068 3273 papa
1090 3190 1276 3274 Gregorius,

173 3296 312 3380 Angliee
326 3296 414 3379 genti
429 3295 501 3360 Deo
514 3292 716 3376 acquirendo,
728 3291 918 3374 legatarium
930 3291 1019 3355 misit
1032 3313 1070 3355 ao
1081 3292 1275 3371 ministrum,

171 3397 323 3462 omnibus
345 3397 579 3462 sueoessoribus
600 3394 666 3461 suis
688 3395 853 3480 episeopis,
877 3393 1065 3478 cunctaque
1082 3396 1201 3480 Anglie
1222 3417 1272 3460 re-
1398 3442 1402 3451 ·

170 3499 277 3582 gibus,
292 3521 366 3564 eum
385 3500 451 3564 suis
470 3498 616 3584 posteris,
640 3505 736 3582 atque
755 3496 905 3562 omnibus
924 3497 987 3562 Dei
1006 3496 1163 3578 fidelibus,
1183 3507 1216 3563 et
1241 3499 1276 3564 in

171 3603 237 3668 lide
255 3610 290 3668 et
307 3603 421 3687 gratia,
437 3603 575 3668 salutem
594 3610 627 3666 et
652 3622 773 3686 paoem.
819 3602 915 3666 Patet
937 3600 1088 3664 omnibus
1102 3602 1188 3685 quod
1203 3603 1275 3668 Deo

169 3705 319 3770 amabilis
347 3727 403 3770 rex
426 3703 644 3782 Athelbertus,
667 3703 789 3788 primus
812 3703 994 3785 Anglornm
1018 3723 1132 3788 regum
1154 3705 1276 3770 Christi

169 3829 271 3892 regno
290 3815 442 3886 sacratus,
458 3814 570 3871 nostra
585 3806 741 3872 instantia
761 3813 794 3870 et
812 3827 871 3870 sua
890 3805 1024 3890 prodiga
1044 3805 1274 3888 benivolencia,

168 3911 258 3975 inter
279 3919 401 3976 eeteros
426 3909 574 3976 eeclesias
596 3931 676 3994 quaa
700 3907 778 3974 fecit
799 3917 832 3973 et
854 3908 1021 3994 episeopis,
1042 3911 1274 3976 monasterium

168 4021 262 4078 extra
286 4013 489 4096 metropolim
510 4033 602 4078 suam
624 4011 869 4091 Doroberniam,
892 4010 928 4074 in
949 4010 1071 4078 honore
1092 4012 1274 4097 principum

167 4115 388 4200 apostolorum
408 4115 496 4180 Petri
521 4123 554 4179 et
578 4115 672 4180 Pauli
697 4113 849 4198 regaliter
874 4113 1028 4193 condidit,
1055 4122 1089 4178 et
1111 4114 1273 4198 regalibus

166 4217 284 4301 opibus
309 4217 487 4302 amplisque
510 4216 762 4302 possessionibus
792 4217 919 4296 ditavit,
944 4216 1099 4296 dilatavit,
1126 4218 1273 4301 magnifi-

166 4320 269 4400 eevit,
280 4329 497 4404 perpetuaque
515 4319 664 4385 libertate
679 4327 711 4384 et
726 4319 815 4384 omni
827 4321 902 4404 jure
916 4318 1015 4402 regio,
1031 4340 1105 4384 oum
1120 4320 1272 4384 omnibus

165 4422 264 4488 rebus
289 4432 322 4486 et
345 4421 476 4507 judiciis
501 4423 588 4488 intus
611 4430 643 4486 et
670 4421 747 4486 loris
768 4421 825 4486 illo
846 4421 1092 4506 pertinentibus,
1114 4404 1278 4502 munivit;¹

627 4521 628 4526 ἵ
1040 4546 1060 4588 r
1075 4528 1096 4589 2
