3234 5125
310 414 360 467 lca
579 412 899 470 MlSOELLANEOUS
919 412 1133 468 CHARTERS.

494 684 592 739 KING
610 682 777 738 EADWIG.
815 682 902 736 MAY
921 683 997 737 l'lrra
1016 680 1223 737 boccourt.

308 850 530 895 rarvltaumu
554 852 656 894 down
681 851 777 893 sams
799 850 843 891 ns
866 850 966 891 mus
988 848 1133 891 ABBEND.
1158 848 1198 891 ΕΤ
1218 848 1260 890 ΒΕ
1284 849 1408 891 ABBA'fB

502 953 672 997 alamanno
694 953 737 995 DE
760 952 904 995 PROPRIA
925 950 1210 995 CONGREGA'NONE.

349 1098 390 1179 ᾧ
407 1096 644 1161 ortodoxorum
669 1094 787 1177 vigoris
820 1092 1024 1157 ecclesiastici
1057 1093 1184 1157 monitu
1216 1093 1408 1157 creberrime

304 1200 505 1278 instruimur,
523 1206 561 1263 ut
580 1200 628 1263 illi
650 1198 767 1281 oppido
785 1196 923 1280 subjecti
943 1196 1183 1280 suppeditantes
1203 1196 1407 1275 famulemur,

305 1301 360 1384 qui
375 1302 476 1366 totius
495 1301 610 1365 mundi
629 1299 784 1364 fabricam
799 1298 882 1361 miro
896 1296 1114 1381 ineffabilique
1128 1298 1210 1363 serie
1226 1298 1408 1383 disponens,

303 1406 560 1483 micocrosmum,
591 1402 698 1468 Adam
726 1400 885 1479 videlicet,
916 1401 1047 1465 taudem
1081 1401 1292 1485 quadriformi
1324 1402 1409 1486 plas-

303 1515 428 1571 matum
444 1507 582 1572 materia
600 1507 686 1571 almo
705 1505 746 1568 ad
766 1504 816 1567 sui
837 1502 1081 1567 similitudinem
1100 1504 1290 1581 instinctum
1308 1505 1407 1589 spira-

303 1610 400 1689 mine,
430 1610 588 1675 universis
617 1630 679 1692 que
708 1608 744 1670 in
772 1606 892 1669 infimis
920 1606 1122 1685 formaverat,
1153 1628 1219 1671 uno
1248 1607 1406 1691 probandi

303 1733 399 1776 causa
421 1719 554 1796 excepto
583 1712 755 1793 vetitoque,
785 1707 963 1791 praeficiens
993 1709 1193 1774 Paradisiace
1222 1709 1406 1775 amenitatis
1512 1782 1515 1789 ¹

299 1815 500 1898 jocunditate
514 1814 730 1890 conlaterana,
742 1811 812 1875 Eva
830 1810 951 1876 scilicet
971 1812 1088 1875 comite
1103 1810 1325 1876 decentissime
1340 1811 1405 1876 col-

302 1917 429 1981 locavit.
475 1916 656 1995 Larvarica,
677 1935 736 1998 pro
756 1913 867 1977 dolorl
899 1912 1050 1977 seductus
1074 1913 1286 1993 cavillatione,
1307 1916 1405 1980 versi-

301 2019 394 2102 pellis
422 2019 644 2101 suasibilisque
673 2016 934 2101 tergiversatione
962 2015 1116 2099 viraginis
1144 2018 1300 2101 pellectus
1330 2040 1406 2082 ana-

301 2120 455 2185 thematis
473 2122 578 2205 alogia
599 2120 711 2184 ambro
729 2139 864 2202 pomum
880 2118 1056 2183 momordit
1071 2121 1219 2199 vetitum,
1237 2128 1271 2185 et
1289 2120 1350 2186 sibi
1370 2144 1406 2186 ac

300 2224 445 2307 posteris,
469 2224 505 2288 in
527 2223 589 2287 hoc
612 2242 782 2286 erumnose
804 2221 948 2305 dejectus
969 2222 1087 2301 seculo,
1108 2223 1210 2287 letum
1229 2224 1406 2307 promeruit

299 2334 500 2410 perpetuum.
549 2323 812 2389 vaticinantibus
837 2324 997 2407 siquidem
1022 2325 1197 2409 prophetis,
1228 2334 1262 2390 ct
1290 2328 1405 2391 celitus

300 2428 430 2513 superni
452 2428 551 2511 Regis
574 2427 729 2491 diuturna
753 2425 954 2490 clandestino
979 2428 1135 2511 praesagia
1157 2429 1307 2512 dogmate
1332 2450 1404 2513 pro-

299 2532 464 2597 mentibus
491 2530 594 2596 uitide
617 2528 790 2608 ortodoxis,
817 2528 981 2613 eulogium
1005 2550 1044 2594 ex
1070 2532 1216 2614 supernis
1239 2530 1402 2596 deferens:

223 2678 227 2685 ‹
299 2656 365 2700 uon
389 2641 426 2699 ut
449 2633 627 2698 Judeorum
653 2633 803 2696 seditiosa
827 2632 955 2715 elingue
980 2633 1101 2697 fatetur
1122 2633 1317 2717 loquacitas;
1347 2635 1405 2700 sed

298 2737 476 2821 priscomm
505 2745 602 2819 atque
625 2736 854 2800 modernorum
876 2734 1105 2818 lepidissimam
1128 2737 1271 2802 ambiens
1294 2738 1401 2801 facun-

299 2839 395 2919 diam,
411 2840 576 2918 Arrianas,
604 2838 865 2920 sabellianasque
883 2839 1075 2920 proterendo
1094 2841 1207 2904 nenias
1228 2842 1402 2925 anagogico

297 2943 491 3006 infrustrans
506 2942 638 3020 famine,
647 2961 772 3024 nosque
786 2940 828 3004 ab
842 2939 971 3003 obtunsi
987 2941 1122 3006 cecitate
1136 2941 1348 3028 umbraminis
1363 2943 1403 3007 ad

297 3066 510 3130 supernorum
528 3044 768 3108 alacrimoniam
790 3043 1059 3126 patrimoniorum
1081 3045 1249 3124 advocans,
1270 3046 1402 3130 angelus

297 3149 445 3234 superuis
469 3149 595 3232 elapsus
616 3148 784 3212 liminibus
801 3147 835 3209 in
859 3167 969 3210 aurem
991 3148 1183 3213 intemerate
1200 3150 1343 3234 virginis,
1365 3159 1402 3214 ut

297 3251 478 3335 evangelica
506 3251 713 3335 promulgant
745 3249 877 3328 famina,
904 3249 1062 3333 stupenda
1095 3251 1247 3317 cecinisse
1276 3253 1402 3318 videtin

296 3355 456 3433 carmina;
480 3356 534 3418 cui
555 3353 689 3418 ecclesia
707 3359 786 3431 tota,
806 3352 955 3418 videlicet
977 3354 1144 3434 catholica,
1166 3377 1307 3422 consona
1323 3378 1400 3421 voce

297 3456 481 3521 altiboando
494 3457 682 3541 proclamat,
701 3457 837 3520 “Beata
852 3477 896 3534 es,
912 3456 1003 3538 virgo
1014 3457 1131 3536 Maria,
1148 3479 1210 3541 que
1225 3459 1398 3538 credidisti,

296 3560 502 3643 perficientur
526 3560 561 3622 iu
584 3567 617 3622 te
639 3580 701 3642 que
723 3558 809 3621 dicta
832 3565 908 3621 sunt
930 3557 990 3621 tibi
1013 3579 1032 3621 a
1054 3559 1230 3624 Domino.”
1275 3562 1400 3625 Mirum

295 3662 400 3726 dictu!
424 3661 610 3724 incarnatur
623 3661 757 3726 verbum
772 3668 805 3724 et
819 3661 1042 3744 incorporatur
1053 3661 1174 3726 scilicet
1188 3663 1269 3728 illud
1281 3664 1320 3728 de
1336 3686 1399 3748 quo

295 3763 491 3847 evangelista
519 3763 760 3847 supereminens
788 3763 1010 3827 universorum
1045 3764 1215 3830 altitudine
1247 3788 1399 3832 sensuum

294 3865 411 3949 inquit,
444 3866 517 3929 “In
546 3862 703 3948 principio
732 3872 801 3927 erat
826 3864 971 3943 verbum,
999 3872 1032 3929 et
1057 3867 1191 3931 verbum
1217 3877 1286 3933 erat
1315 3869 1400 3954 apud

294 3969 412 4047 Deum,
438 3976 471 4033 et
501 3969 590 4032 Deus
615 3974 684 4030 erat
713 3966 881 4044 verbum,”
912 3974 945 4029 ct
971 3967 1105 4051 reliqua.
1155 3971 1230 4036 Qua
1252 3970 1399 4036 videlicet

294 4080 423 4155 sumpta
443 4071 483 4134 dc
505 4071 629 4154 virgine
646 4069 877 4146 incarnatione,
897 4068 1029 4153 antique
1044 4071 1176 4154 virginis
1197 4073 1322 4137 facinus
1344 4074 1399 4138 de·

293 4176 403 4253 mitur,
434 4180 467 4237 et
492 4174 617 4237 cunctis
646 4172 836 4236 mulieribus
862 4172 974 4235 nitidis
1003 4174 1171 4255 precluens
1201 4176 1399 4250 taumatibus

294 4277 390 4341 decus
410 4275 579 4358 irrogatur.
625 4276 755 4339 Intacta
776 4275 876 4357 igitur
893 4273 1057 4338 redolente
1072 4276 1195 4341 Christi
1218 4277 1397 4358 divinitate,

292 4400 447 4462 passaque
468 4378 570 4462 ipsius
591 4377 805 4454 humanitate,
821 4375 954 4442 libertas
972 4377 1107 4442 addictis
1127 4381 1302 4444 clementer
1322 4401 1397 4445 con-
