3234 5125
305 412 360 465 ccc
580 370 903 469 mscsnmno'ns
922 406 1135 464 unsarans.

307 583 479 667 diligenter
507 583 711 648 observatum
741 589 800 659 est,
828 577 1040 644 Fontanensis
1069 578 1236 662 episcopus
1265 576 1315 641 vel
1343 578 1413 660 ejus

308 685 448 749 ministri
473 706 568 769 super
587 686 648 749 hoc
668 683 908 761 monasterium,
924 681 973 745 vel
994 700 1090 764 snper
1110 678 1307 763 parochiales
1328 680 1413 762 ejus-

309 788 383 852 dem
400 787 561 866 ecclesias,
575 786 735 865 videlicet,
750 787 870 863 Strete,
886 782 1064 867 Mirieling,
1084 782 1255 861 Budeclea,
1273 780 1412 865 Schape-

307 890 400 969 vvike,
417 890 522 974 Sorvy,
539 896 596 953 ant
617 909 714 972 snper
733 909 846 952 esmm
867 886 1013 970 capellas,
1036 906 1097 951 nec
1119 884 1220 949 eciam
1243 905 1339 969 snper
1359 905 1413 948 eas

308 1014 371 1076 que
395 992 432 1055 in
453 992 567 1057 insulis
588 992 806 1068 continentur,
823 990 957 1069 scilicet,
979 988 1127 1068 Bekeria,
1144 1008 1208 1072 que
1228 1007 1327 1071 parva
1349 986 1411 1050 Hi-

308 1094 420 1157 bernia
444 1094 572 1172 dicitu,
594 1093 780 1177 Godeneya,
800 1090 1028 1169 Marteneseia,
1051 1090 1247 1168 Ferramere,
1268 1087 1411 1153 Padene·

308 1197 416 1280 berga,
440 1204 475 1262 et
503 1196 707 1275 Adredeseia,
732 1194 857 1259 nnllam
880 1200 1074 1278 potestatem
1103 1191 1236 1257 omnino
1262 1190 1412 1268 habeant,

307 1298 371 1362 nisi
396 1306 526 1365 tantum
548 1320 623 1364 cum
645 1298 687 1363 ab
708 1297 835 1376 abbate,
858 1318 953 1363 causa
975 1294 1142 1361 dedicandi
1162 1294 1213 1359 vel
1232 1292 1411 1371 ordinandi,

308 1400 453 1465 advocati
475 1401 614 1481 brerint3
637 1422 697 1466 nec
719 1421 833 1465 eorum
856 1399 1048 1484 presbiteros
1074 1399 1115 1463 ad
1140 1398 1289 1463 sinodum
1310 1418 1412 1475 suam,

307 1502 359 1566 vel
380 1503 567 1586 capitulum,
585 1504 637 1568 vel
657 1503 699 1567 ad
720 1502 888 1587 quodlibet
907 1502 1063 1587 placitum
1085 1508 1271 1578 convocent,
1291 1520 1352 1565 nec
1373 1498 1414 1563 ab

308 1605 412 1669 officio
434 1605 544 1670 divino
565 1605 772 1690 suspendant,
793 1614 828 1669 et
849 1606 982 1669 omnino
1003 1604 1130 1668 nullum
1148 1604 1204 1687 jus
1224 1602 1260 1665 in
1282 1622 1337 1666 eos
1358 1622 1411 1665 ex·

309 1726 433 1771 carcere
457 1716 653 1791 presumant.
700 1708 881 1772 Monachus
906 1728 981 1771 suos
1006 1714 1040 1770 et
1062 1704 1267 1771 ecclesiarum
1290 1704 1415 1788 predic-

308 1816 417 1871 tarum
439 1809 581 1889 clericos,
605 1810 781 1874 secundum
803 1810 971 1894 antiquam
993 1808 1126 1873 ecclesie
1149 1806 1315 1873 Glastonie
1336 1828 1412 1871 con-

309 1911 513 1976 suetudinem
533 1920 567 1976 et
587 1913 794 1997 apostolicam
818 1911 1053 1991 auctoritatem,
1073 1909 1297 1994 archipresulis
1320 1910 1412 1973 Dun-

308 2014 394 2077 stani
418 2022 452 2077 et
474 2015 621 2079 omnium
646 2015 868 2100 episcoporum
891 2014 984 2097 regni
1007 2014 1072 2079 mei
1094 2034 1237 2091 assensa
1261 2012 1368 2092 abbas,
1393 2034 1413 2075 a

308 2137 500 2200 quocunqne
521 2117 781 2202 comprovinciali
801 2117 949 2201 episcopo
970 2116 1119 2196 voluerit,
1141 2115 1284 2182 ordinari
1305 2115 1410 2179 faciat.

308 2218 540 2283 Dedicaciones
561 2242 636 2284 vero
657 2220 875 2299 ecelesiarum,
898 2220 925 2283 si
948 2220 989 2285 ab
1012 2220 1127 2285 abbate
1149 2228 1281 2303 rogatus
1303 2217 1411 2295 fuerit,

309 2321 507 2385 Fontanemi
520 2322 669 2407 episcopo
682 2322 911 2407 permittimus.
938 2384 942 2397 ,
957 2323 999 2387 In
1014 2323 1139 2389 Pascha
1155 2342 1282 2408 quoque
1296 2322 1412 2386 crisma

309 2423 573 2489 sanctificacionis
588 2432 624 2490 et
640 2426 748 2491 oleum
763 2448 782 2489 a
797 2425 995 2489 Fontaneusi
1011 2426 1159 2510 episcopo
1174 2447 1211 2491 ex
1225 2445 1315 2490 more
1329 2423 1410 2489 acci-

307 2524 386 2609 piat,
397 2532 431 2589 et
442 2547 499 2610 per
508 2526 647 2611 prefatas
658 2527 808 2593 ecclesias
823 2548 897 2592 suaa
906 2526 1088 2593 distribuat.
1124 2528 1197 2594 Hoc
1209 2526 1309 2594 eciam
1319 2546 1413 2612 super

259 2674 263 2681 -
308 2629 427 2708 omnia,
448 2630 511 2694 Dei
533 2630 760 2696 interdictione
779 2638 813 2695 et
836 2639 947 2695 nostra
970 2631 1171 2711 anctoritate,
1193 2631 1279 2695 salva
1303 2637 1413 2694 tamen

308 2739 418 2796 ennete
453 2733 599 2797 Romane
629 2733 761 2798 ecclesie
791 2741 826 2797 et
855 2732 1111 2799 Dorobernensis
1141 2733 1309 2818 dignitate,
1338 2753 1411 2816 pro·

307 2833 414 2912 hibeo,
436 2855 478 2899 ne
495 2856 630 2919 persona
646 2838 877 2919 cujuscumque
896 2837 1074 2920 potestatis,
1096 2837 1161 2902 sive
1179 2856 1244 2916 rex,
1261 2836 1327 2900 sive
1345 2835 1410 2919 epi-

307 2956 432 3020 scopus,
441 2936 508 3001 sive
521 2937 588 3001 dux
603 2945 660 3002 aut
673 2939 830 3022 princeps,
840 2939 889 3002 vel
903 2938 1039 3022 quilibet
1053 2939 1274 3004 ministrorum
1289 2957 1410 3016 eorum,

308 3038 477 3103 Glastonie
505 3040 659 3104 terminos
678 3040 728 3104 vel
747 3041 1004 3124 supradictarum
1021 3041 1254 3125 parochiamm,
1269 3060 1412 3124 perscru-

310 3140 412 3219 tandi,
436 3141 593 3225 rapiendi,
616 3142 790 3227 placitandi
815 3143 929 3226 gratia,
952 3144 1002 3208 vel
1028 3144 1199 3228 quicquam
1224 3143 1312 3208 aliud
1334 3142 1412 3207 faci·

308 3243 392 3322 endi,
417 3244 504 3326 qnod
523 3246 720 3310 contrarium
744 3246 846 3330 possit
863 3268 931 3312 esse
953 3246 1074 3312 ibidem
1097 3248 1168 3312 Deo
1189 3247 1411 3324 servientibus,

307 3344 428 3408 intrare
453 3354 658 3429 presumant.
714 3348 836 3412 Abbati
858 3349 1085 3414 tantummodo
1108 3357 1141 3414 et
1164 3349 1337 3416 conventui
1356 3369 1412 3432 po-

307 3455 407 3512 testas
426 3449 479 3527 sit,
494 3457 562 3514 tam
583 3451 619 3514 in
637 3451 724 3516 notis
747 3451 866 3536 [causis
885 3473 982 3536 quam
1001 3452 1036 3515 in
1055 3451 1201 3536 ignotis]
1225 3451 1261 3515 in
1278 3450 1412 3533 modicis

308 3558 341 3614 et
369 3550 405 3613 in
432 3553 569 3636 magnis,
594 3559 627 3618 et
649 3553 684 3616 in
703 3553 855 3618 omnibns
877 3553 1010 3619 omnino
1035 3554 1187 3637 negociis,
1209 3554 1293 3618 sicut
1315 3575 1412 3636 supra

306 3655 565 3719 memoravimus.
612 3655 767 3740 Quisquis
791 3663 901 3720 antem
920 3655 1019 3740 hujus
1040 3655 1198 3741 privilegii
1219 3656 1285 3720 mei
1307 3656 1410 3738 digni-

253 3766 256 3772 “
307 3762 418 3835 tatem,
452 3758 597 3839 qualibet
628 3758 805 3835 occasione,
836 3758 1066 3842 cujuscumque
1099 3757 1278 3841 dignitatis,
1306 3759 1411 3842 cujus·

306 3879 446 3942 cumque
465 3859 595 3940 ordinis,
614 3861 844 3943 cujuscumque
862 3859 1076 3945 professionis,
1095 3869 1285 3944 pervertere,
1308 3861 1358 3924 vel
1377 3861 1412 3923 in

305 3960 433 4024 irritum
448 3960 616 4041 deducere,
631 3963 786 4045 sacrilega
799 3963 1053 4046 presumpcione
1067 3963 1182 4027 amodo
1196 3963 1412 4047 temptaverit,

305 4063 386 4134 sciat
405 4085 440 4127 se
456 4064 666 4149 proculdubio
680 4072 756 4128 ante
770 4064 953 4128 distnctum
970 4064 1113 4148 judicem
1133 4065 1329 4129 titubantem
1347 4073 1411 4128 tre-

305 4165 569 4250 mebundumque
591 4166 755 4230 racionem
777 4165 990 4246 redditurum,
1008 4166 1072 4230 nisi
1094 4167 1182 4250 prius
1201 4167 1299 4251 digna
1318 4168 1412 4232 satis·

305 4267 445 4332 factione
462 4269 633 4333 emendare
650 4267 820 4332 studuerit.
865 4269 949 4334 Acta
968 4279 1017 4334 est
1037 4271 1096 4335 bec
1117 4271 1276 4356 privilegii
1295 4272 1413 4356 pagina

306 4377 339 4433 et
362 4371 550 4436 confirmata
574 4370 659 4454 apud
684 4371 902 4451 bondoniam,
919 4373 1083 4436 communi
1105 4373 1239 4438 consilio
1263 4373 1410 4438 omnium
