3234 5125
314 416 346 499 rc
578 414 899 472 meorumusous
920 414 1136 471 cursurus.

354 648 372 683 s
387 635 483 691 KING
502 634 746 690 AErHELBALD
764 634 813 692 OF
830 635 991 692 MEROIA.
1027 634 1385 692 cccxvi-ucesiu.

354 784 393 866 ·1⁴
411 784 453 848 In
470 783 602 848 nomine
616 783 752 848 Domini
775 783 878 848 nostri
900 782 1004 848 Jhesu
1025 784 1159 849 Christi.
1205 785 1277 868 Ego
1296 784 1429 849 AEsel:

310 886 434 967 baldus,
450 888 529 952 dum
548 886 630 950 mihi
651 888 721 951 Rex
740 894 881 965 eternus,
901 887 1115 971 Omnipotens
1136 889 1235 967 Deus,
1256 888 1410 971 terrigeni

310 992 401 1075 regui
421 991 540 1075 absque
555 990 672 1055 merito
689 989 871 1074 portionem
895 989 1036 1074 aliquam
1056 990 1254 1070 contulisset,
1272 991 1409 1073 cogitavi

309 1104 345 1157 ut
363 1094 478 1159 exinde
497 1093 638 1178 aliquam
657 1102 793 1176 partem,
810 1114 869 1177 pro
883 1092 1027 1157 remedio
1042 1094 1150 1157 anime
1164 1114 1245 1171 mee,
1261 1093 1302 1156 sd
1320 1092 1409 1157 utili·

307 1207 407 1263 tatem
431 1198 636 1263 ecclesiarum
662 1196 725 1261 Dei
754 1195 977 1279 perdonarem.
1023 1196 1164 1261 Proinde
1186 1217 1285 1260 unam
1307 1197 1408 1279 porti-

307 1322 401 1365 onem
424 1300 600 1365 mansiouis
622 1300 658 1363 in
672 1298 751 1363 wico
773 1299 933 1383 emptorio
955 1299 1033 1363 salis
1053 1321 1151 1383 quem
1173 1320 1232 1363 nos
1255 1298 1407 1363 Saltwich

308 1426 467 1482 vocamus,
496 1424 572 1467 cum
601 1402 799 1467 couscientia
827 1401 1011 1487 principum
1040 1423 1078 1467 ac
1106 1401 1226 1467 ducum
1251 1422 1407 1480 meorum,

306 1530 442 1590 quorum
464 1508 599 1571 nomina
620 1504 752 1571 inierim
771 1506 949 1589 perscripta
971 1512 1048 1569 sunt
1069 1526 1107 1570 ac
1125 1512 1248 1584 notata,
1272 1526 1331 1589 pro
1351 1525 1407 1589 spe

306 1631 443 1693 superne
466 1609 744 1687 remunerationis,
774 1607 816 1674 ad
845 1608 1011 1673 ecclesiam
1036 1608 1131 1673 beate
1156 1608 1220 1674 Dei
1240 1607 1408 1692 genitricis

307 1732 493 1795 semperque
507 1711 640 1794 virginis
655 1711 771 1790 Marie,
787 1732 850 1795 que
864 1709 998 1775 fundata
1017 1719 1067 1775 est
1085 1711 1121 1775 in
1136 1710 1405 1789 Grouuchommc‚

308 1815 444 1879 libenter
458 1813 635 1879 concedens
650 1802 792 1891 douebo;
818 1814 978 1901 quatinus·
987 1814 1028 1878 ab
1047 1814 1137 1879 omni
1151 1814 1275 1879 tributo
1289 1815 1406 1879 fiscalis

307 1918 425 2001 publici
448 1918 684 2001 imperpetuum
699 1916 756 1981 illa
769 1918 876 2000 portio
890 1938 988 2001 quam
1003 1918 1176 1983 nostratim
1192 1915 1265 1982 Sele
1282 1939 1405 1983 nuncu-

307 2043 418 2103 pamus
431 2018 533 2085 libera
552 2019 604 2083 sit.
651 2020 688 2083 Si
709 2019 780 2103 quis
795 2028 915 2099 autem,
934 2021 1020 2104 quod
1034 2020 1127 2101 ebsit,
1148 2020 1302 2085 heredum
1316 2042 1404 2085 meo-

306 2146 378 2187 rum
401 2124 483 2187 hauc
505 2122 711 2187 donatiouem
726 2144 843 2201 meam,
859 2144 957 2207 qnam
980 2145 1038 2208 pro
1059 2123 1281 2208 redemptione
1298 2123 1405 2187 anime

304 2248 375 2291 mee
405 2226 507 2304 trado,
537 2225 712 2309 infringere
738 2247 834 2289 ausus
859 2225 967 2305 fuerit,
993 2226 1074 2290 sciat
1097 2248 1132 2291 se
1161 2233 1238 2290 ante
1263 2225 1405 2290 tribunal

304 2330 426 2417 Christi
451 2328 610 2394 rationem
629 2328 841 2407 redditurum,
862 2328 926 2392 nisi
943 2328 1161 2393 satisfactione
1180 2328 1279 2413 digua
1297 2350 1405 2394 emen·

303 2433 436 2495 (laverit.
483 2432 519 2496 Si
534 2432 605 2516 quis
620 2440 728 2496 autem
744 2452 861 2517 augere
875 2431 1022 2512 voluerit,
1038 2441 1154 2519 augeat
1168 2434 1258 2497 Deus
1279 2442 1402 2517 partem

244 2587 248 2594 .
303 2535 390 2599 illius
404 2536 439 2600 iu
454 2542 541 2600 terra
554 2534 741 2600 viventium.
998 2530 1004 2541 '

348 2639 443 2704 Hanc
462 2660 537 2703 vero
558 2638 765 2704 donatiouem
790 2660 897 2703 meam
916 2661 976 2723 ego
996 2639 1218 2720 AElielbaldus,
1235 2640 1319 2706 dono
1341 2640 1404 2705 Dei

303 2765 368 2819 rer,
395 2763 453 2826 pro
482 2742 597 2826 majori
625 2741 855 2821 stabilimento,
885 2742 978 2826 siguo
1003 2752 1114 2808 sancte
1142 2745 1247 2809 crucis
1277 2744 1401 2808 munio.

304 2847 342 2926 ›1‹
357 2845 427 2928 Ego
441 2844 613 2928 Ecgwiuus
627 2845 793 2928 episcopus
803 2843 889 2908 hanc
900 2845 1108 2911 donationem
1120 2847 1315 2912 confirmans
1327 2846 1403 2911 sub-

302 2948 424 3030 scripsi.
472 2950 511 3029 '1‘
528 2948 600 3030 Ego
611 2946 823 3011 A'delwardus
838 2948 985 3012 consensi
1000 2956 1033 3013 et
1048 2949 1231 3035 subscripsi.
1279 2954 1318 3033 ›1‹
1332 2952 1403 3035 Ego

303 3047 469 3114 AEdelrich
483 3048 628 3112 consensi
643 3057 678 3112 et
692 3048 876 3134 subscripsi.
923 3052 961 3133 ›1‹
978 3053 1050 3135 Ego
1071 3052 1236 3118 Eadberht
1248 3041 1403 3117 'consensi

301 3161 334 3214 et
353 3150 535 3234 subscripsi.
581 3152 652 3233 Ego
666 3151 798 3215 Wilfrid
821 3155 967 3218 consensi
989 3164 1023 3219 et
1044 3155 1229 3243 subscripsi.
1275 3161 1316 3238 »Β
1331 3158 1402 3241 Ego

302 3258 375 3318 Oua
398 3253 544 3317 consensi
567 3260 601 3317 et
630 3253 812 3338 subscripsi.
859 3256 987 3342 fflEgo
1018 3259 1170 3344 Sigebald
1198 3261 1344 3324 consensi
1370 3269 1403 3324 et

302 3355 485 3439 subscripsi.
534 3356 573 3438 ›1‹
589 3356 660 3440 Ego
675 3357 786 3441 Eoppa
801 3359 948 3423 consensi
962 3369 996 3425 et
1007 3362 1191 3446 subscripsi.

436 3844 455 3880 Ι
468 3835 565 3926 KING
583 3835 829 3892 AEI'HELBALD
847 3837 896 3894 OF
913 3839 1071 3896 sinuum
1110 3840 1270 3897 noum

341 3985 425 4048 Cum
445 3983 633 4068 plerumque
658 3985 847 4068 contingere
867 3985 979 4065 soleat,
994 4008 1053 4070 pro
1075 3987 1200 4052 incerte
1216 3996 1399 4070 temporum

297 4086 525 4167 vicissitudine,
549 4093 587 4151 ut
615 4109 653 4152 ea
674 4109 745 4172 quae
765 4088 942 4152 multarum
965 4097 999 4152 et
1022 4089 1165 4154 fidelium
1190 4111 1400 4174 personarum

296 4189 481 4254 testimonio
506 4189 705 4273 consilioque
729 4189 880 4255 roborata
906 4191 1051 4271 fuenmt,
1076 4214 1134 4277 per
1163 4194 1399 4258 contumaciam

296 4289 517 4373 plurimorum,
540 4298 574 4356 et
594 4291 856 4357 machinamenta
877 4291 1092 4359 simulationis
1117 4295 1342 4376 fraudulentae,
1365 4303 1399 4360 et

295 4393 364 4456 sine
387 4394 454 4457 ulla
471 4393 728 4459 consideratione
747 4395 892 4475 rationis,
913 4397 948 4462 in
966 4398 1146 4464 animarum
1164 4421 1295 4464 suarum
1313 4400 1397 4485 peri-
