3234 5125
313 385 421 483 aas'
586 425 908 481 msosnmurous
928 426 1142 483 ennarrans.
1252 427 1256 433 ·

312 599 514 683 permissum,
537 598 692 678 minuere,
711 606 768 663 aut
789 598 914 678 calices,
934 605 991 663 aut
1011 619 1132 679 maces,
1151 620 1208 665 seu
1230 600 1421 667 indumenta

310 702 432 781 altaris,
455 702 506 765 vel
534 724 641 766 saeros
669 700 805 779 codices,
836 722 962 780 aurum,
989 710 1171 785 argentum,
1197 704 1247 768 vel
1277 704 1419 788 qualem-

310 827 437 890 cunque
466 805 604 889 speoiem
633 804 755 874 ibidem
783 804 933 868 collatam
960 804 1096 883 auferre,
1120 806 1171 870 vel
1195 806 1273 897 alias
1296 806 1419 873 deleme

311 916 475 993 presumat
479 934 488 986 3
512 906 568 972 sed
582 907 678 971 liceat
697 906 759 990 ipsi
778 907 1020 990 congregationi
1039 906 1126 992 quod
1143 908 1204 972 sibi
1222 930 1280 992 per
1297 918 1418 973 rectam

310 1011 548 1095 delegacionem
563 1010 716 1075 conatum
734 1018 784 1073 est
802 1010 961 1093 perpetim
979 1009 1150 1094 possidere,
1167 1018 1200 1075 et
1217 1033 1276 1095 pro
1295 1011 1417 1076 stabili-

310 1121 378 1180 tate
392 1114 484 1197 regni
499 1112 603 1177 nostri
615 1112 738 1197 jugiter
755 1132 897 1191 exorare,
914 1112 1001 1197 quod
1018 1134 1077 1177 nos
1095 1134 1154 1197 pro
1172 1114 1235 1179 Dei
1250 1136 1368 1195 amore,
1384 1122 1418 1179 et

310 1216 492 1281 reverencia
521 1215 624 1279 sancti
650 1214 796 1300 apostoli,
822 1223 855 1279 et
880 1214 1084 1300 adipiscenda
1112 1216 1181 1280 vita
1209 1225 1331 1297 eterna,
1355 1218 1417 1283 hoe

311 1319 502 1384 beneficium
520 1318 561 1382 ad
580 1318 689 1382 locum
711 1318 805 1381 illum
824 1317 1002 1382 terribilem
1019 1325 1054 1382 et
1073 1326 1232 1398 sanctum,
1249 1340 1324 1384 cum
1341 1342 1417 1385 oon-

309 1423 382 1486 silio
404 1422 593 1505 pontificum
615 1428 648 1485 et
676 1420 853 1484 illustrium
875 1420 1018 1509 virorum
1039 1428 1224 1485 nostrorum
1251 1437 1418 1506 procerum

310 1526 493 1610 gratissimo
515 1524 625 1589 animo
642 1532 676 1587 et
696 1523 824 1606 integra
841 1523 1008 1588 voluntate
1024 1524 1084 1587 visi
1102 1546 1214 1589 sumus
1230 1524 1417 1609 prestitisse,

310 1648 349 1692 eo
370 1628 518 1692 videlicet
538 1626 707 1691 ordinent
732 1625 816 1690 sicut
833 1632 977 1710 tempore
994 1626 1253 1710 predecessorum
1272 1650 1417 1693 meorum

310 1730 431 1795 ibidem
449 1730 567 1795 chorus
584 1727 793 1812 psallencium
808 1748 866 1811 per
878 1735 1003 1791 turmas
1021 1727 1084 1793 fuit
1102 1729 1283 1809 institutam,
1301 1731 1349 1795 ita
1366 1731 1417 1795 die

309 1841 471 1916 noctuque
492 1832 529 1894 in
549 1830 621 1895 loco
642 1830 711 1913 ipso
732 1830 921 1894 celebretur.
968 1831 1004 1894 Si
1026 1833 1135 1896 autem
1153 1833 1313 1917 quispiam
1334 1834 1417 1899 hanc

309 1950 454 2001 nostram
483 1934 709 2025 auctoritatem
731 1934 782 1998 vel
804 1934 1046 1999 immunitatem
1069 1934 1245 2018 infringere
1268 1937 1414 2017 voluerit,

310 2048 344 2105 et
367 2040 446 2103 alios
465 2038 506 2102 ad
525 2038 587 2102 boc
607 2037 808 2115 conduxerit,
827 2036 1047 2121 unusquisqne
1063 2058 1122 2121 pro
1142 2038 1246 2122 seipso
1265 2038 1363 2104 libras
1385 2062 1415 2104 v.

311 2140 455 2225 partibus
485 2138 598 2203 Sancti
628 2138 716 2202 Petri
745 2138 858 2217 solvat,
880 2147 933 2217 et,
954 2146 992 2203 ut
1022 2138 1145 2202 dietum
1174 2147 1235 2218 est,
1265 2140 1418 2225 quicquid

309 2243 424 2307 exinde
449 2242 546 2306 fiscus
570 2247 679 2304 noster
702 2239 744 2303 ad
768 2246 893 2324 partem
918 2247 1063 2304 nostram
1085 2262 1212 2324 sperare
1236 2249 1361 2327 poterat
1381 2244 1416 2335 in

308 2343 523 2408 luminaribus
537 2343 587 2406 vel
604 2342 774 2426 stipendiis
788 2342 1032 2422 monachorum,
1048 2365 1105 2407 seu
1120 2345 1218 2408 etiam
1234 2345 1416 2411 elemosinis

308 2468 485 2533 pauperum
514 2447 614 2532 ipsius
642 2448 830 2511 monasterii
859 2447 1043 2531 perenniter
1071 2469 1128 2532 per
1157 2458 1268 2514 nostra
1289 2452 1417 2516 oracula

309 2551 349 2616 ad
363 2550 527 2635 integrum
547 2550 589 2615 sit
611 2572 796 2615 conoessum
812 2555 909 2634 atque
923 2549 1096 2616 indultum.
1142 2553 1188 2634 Et
1207 2561 1245 2616 ut
1265 2552 1325 2619 hec
1343 2577 1417 2620 ano·

232 2657 236 2664 '
307 2654 422 2718 toritas
450 2654 569 2719 nostris
598 2660 632 2718 et
660 2652 779 2717 suturis
803 2654 1002 2738 temporibus
1028 2654 1113 2720 circa
1137 2654 1243 2740 ipsum
1268 2665 1416 2722 sanetum

306 2756 413 2821 locum
428 2757 611 2842 perenniter
625 2757 720 2820 firma
736 2763 769 2821 et
788 2755 944 2821 inviolata
957 2765 1154 2841 permaneat,
1171 2759 1221 2822 vel
1236 2781 1293 2842 per
1307 2761 1417 2824 omnia

306 2867 454 2945 tempora
474 2860 567 2924 illesa
585 2859 785 2923 custodiatur
807 2865 905 2942 atque
925 2867 1141 2938 conservetur,
1157 2869 1190 2924 et
1207 2861 1248 2926 ab
1265 2863 1417 2929 omnibus

306 2963 516 3046 optimatibus
542 2962 660 3026 nostris
682 2969 716 3025 et
737 2961 903 3046 judicibus
925 2962 1062 3046 publicis
1084 2971 1118 3026 et
1139 2963 1270 3046 privatis
1300 2967 1419 3031 melina

306 3085 343 3129 ac
368 3064 488 3129 certius
518 3064 676 3140 credatur,
703 3085 819 3127 manus
842 3073 953 3128 nostre
981 3064 1271 3149 subscriptionibus
1301 3069 1416 3136 subtus

306 3187 379 3230 eam
412 3166 613 3231 decrevimus
644 3166 805 3244 roborare,
840 3173 874 3229 et
906 3166 947 3230 de
981 3167 1087 3252 sigillo
1120 3175 1232 3233 nostro
1260 3170 1415 3254 jussimus

307 3269 458 3354 sigillare.

350 3371 487 3455 Signum
507 3375 547 3455 ›1‹
567 3371 706 3455 Eadgari
728 3372 834 3437 incliti
852 3380 886 3436 et
908 3373 1102 3438 serenissimi
1117 3375 1300 3459 Anglorum
1318 3377 1413 3461 regis.

306 3473 445 3556 Signum
460 3477 500 3557 ›1‹
517 3473 685 3538 Eadwardi
705 3474 848 3558 ejusdem
867 3476 953 3559 regis
971 3476 1040 3541 lilii.
1088 3477 1226 3561 Signum
1242 3483 1284 3561 ›1‹
1301 3482 1413 3546 AEbel-

305 3576 373 3640 redi
390 3576 498 3640 fratris
516 3577 595 3661 ejus.
648 3578 748 3659 ›1⁴1n
765 3579 898 3643 nomine
913 3578 1034 3643 Christi
1053 3601 1113 3663 ego
1131 3581 1332 3663 Dunstanus,
1348 3586 1414 3650 acsi

304 3686 462 3763 peccator,
483 3680 740 3745 Dorobernensis
768 3681 901 3746 ecclesie
928 3682 1194 3768 archiepiscopus,
1213 3684 1297 3750 hano
1316 3687 1412 3752 liber·

302 3789 404 3848 tatem
436 3791 546 3848 sancte
575 3785 679 3849 crucis
708 3785 868 3868 agalmate
901 3785 1107 3869 consignavi5
1141 3809 1178 3852 ac
1208 3788 1334 3869 deinde,
1365 3813 1413 3856 se·

304 3885 446 3950 cundum
463 3888 636 3971 apostolici
658 3887 819 3952 lobannis
847 3895 1045 3972 preceptum,
1072 3889 1293 3956 observatores
1317 3893 1414 3979 hujus

301 3989 470 4069 libertatis,
497 3990 689 4054 auctoritate
711 4010 776 4072 qua
798 3989 955 4073 perimor,
978 4011 998 4054 a
1018 3991 1158 4074 peccatis
1181 3992 1247 4056 suis
1271 3993 1411 4074 absolvi;

301 4093 490 4156 inductores
505 4113 580 4156 vero
598 4092 757 4177 perpetim
776 4091 938 4171 maledixi,
955 4092 1018 4156 riisi
1035 4093 1235 4178 resipiscant,
1255 4103 1288 4159 et
1308 4097 1413 4162 tribus

301 4195 395 4258 annis
423 4218 443 4259 a
471 4194 639 4259 liminibus
667 4201 779 4258 sancte
812 4194 945 4259 ecclesie
974 4197 1167 4280 sequestrati
1199 4199 1413 4283 penitentiam

300 4304 407 4379 agant.
468 4301 509 4379 ›1‹
525 4299 596 4380 Ego
625 4295 795 4362 Oswoldus
824 4298 1036 4362 Eboracensis
1063 4300 1320 4385 archiepiscopus
1348 4303 1410 4366 im-

298 4399 402 4483 posui.
468 4403 509 4481 ›1‹
525 4401 597 4481 Ego
620 4398 800 4464 AElfstanus
825 4399 1061 4465 Londoniensis
1087 4402 1219 4466 ecclesie
1243 4404 1417 4488 episcopus·
