3234 5125
287 367 340 421 392
562 363 884 420 MISOELLANEOUS
902 361 1118 418 CHARTERS.

423 587 521 642 KING
538 586 738 642 EADWARD
757 584 836 641 THE
854 583 1082 642 CONFRSSOR.
1118 582 1250 637 Mnxn.

332 736 373 815 ›1‹
389 732 431 796 In
445 733 575 797 nomine
590 732 725 797 Domini
739 731 843 796 nostri
857 732 957 796 Ihesu
971 729 1106 807 Christi,
1121 728 1178 812 qui
1196 749 1281 790 unus
1299 727 1390 789 Deus

287 835 322 898 in
346 835 505 900 Trinitate
534 836 575 900 ab
601 835 751 900 omnibus
774 855 808 897 se
832 833 1011 898 colentibus
1039 838 1220 908 veneratur,
1244 836 1278 892 et
1306 847 1389 911 puro

286 937 391 1001 cordis
413 937 530 1002 affectu
551 937 711 1001 adoratum.
757 937 829 1020 Ego
850 935 1051 1014 AEdvardns,
1075 935 1138 998 Dei
1159 933 1244 996 dono
1266 929 1388 1014 Anglo-

287 1060 360 1101 rum
380 1059 447 1118 rex,
472 1038 506 1101 in
529 1039 627 1122 hujus
646 1039 760 1102 mundi
778 1037 916 1102 decursu
936 1038 1034 1121 hujus
1055 1037 1154 1101 seculi
1176 1036 1316 1099 filiorum
1333 1031 1388 1116 qui

284 1141 365 1224 justi
389 1141 598 1205 inveniuntur
624 1140 756 1204 studens
776 1142 915 1204 exaltare
938 1161 1038 1204 cornu
1057 1145 1171 1223 utpote
1191 1136 1307 1220 regalis
1327 1135 1390 1197 im·

287 1243 366 1326 perii
383 1243 456 1327 jure
476 1243 538 1308 rite
555 1243 709 1322 roborati,
725 1243 879 1308 accedant
897 1242 939 1306 ad
956 1263 1031 1307 eum
1050 1262 1108 1325 per
1121 1240 1235 1304 callem
1249 1235 1390 1322 justiciae

289 1345 343 1428 qui
355 1344 411 1408 dat
422 1345 605 1428 petentibus
616 1347 704 1430 juste
718 1352 753 1409 et
766 1345 926 1427 relligiose
936 1344 1052 1408 vivere.
1090 1343 1163 1407 Hee
1177 1351 1287 1406 tamen
1295 1339 1392 1404 beata

287 1448 497 1511 commutatio
523 1447 621 1530 digne
649 1455 799 1512 censetm
829 1447 863 1510 in
892 1447 954 1510 hoc
982 1446 1091 1510 seculo
1115 1452 1153 1508 ut
1178 1444 1231 1508 cui
1253 1441 1390 1506 felicitas

287 1557 416 1612 tantum
432 1549 655 1614 deliberaverit
670 1549 769 1612 animi
785 1549 871 1633 quod
885 1548 1099 1612 mundialium
1114 1545 1285 1631 gravedine
1299 1544 1388 1626 cupi·

287 1650 424 1714 ditatum
439 1652 625 1734 postposita,
640 1652 729 1716 velut
743 1672 881 1734 manum
899 1651 1055 1715 fiumenti
1072 1672 1092 1713 a
1110 1648 1211 1732 spinis
1230 1646 1387 1710 suffocan-

286 1752 373 1816 tibus
394 1753 565 1837 aliquando
583 1774 658 1817 vero
680 1753 821 1817 dumetis
843 1753 1070 1830 arescentibus,
1086 1750 1224 1834 decipiat
1245 1750 1280 1829 in
1300 1747 1388 1811 huno

286 1864 430 1919 tenorem
447 1856 578 1938 emergi,
589 1863 626 1919 ut
637 1847 746 1919 divina
759 1856 880 1919 virtute
894 1856 1041 1918 firmatus
1054 1854 1161 1936 vigent
1171 1873 1230 1915 suo
1241 1848 1387 1914 Creatori

285 1965 319 2020 et
334 1957 484 2023 Domino.
530 1957 609 2022 Istis
629 1958 748 2022 etenim
768 1957 855 2021 inter
877 1957 1078 2020 transitorias
1100 1954 1214 2019 mnndi
1233 1953 1387 2038 procellas

285 2060 412 2125 cuidam
426 2082 572 2124 meorum
588 2061 744 2125 comitum
759 2068 909 2125 onomate
921 2060 1065 2124 Haroldo
1080 2058 1241 2142 quandam
1255 2065 1385 2134 terram

285 2183 347 2246 que
372 2164 551 2248 antiquitus
577 2162 617 2228 ab
642 2163 756 2228 incolis
780 2163 868 2226 illius
893 2163 954 2227 loci
983 2168 1188 2246 nuncupatur
1209 2159 1386 2237 Waltham,

285 2265 477 2330 hereditario
497 2267 571 2350 jure
593 2265 744 2344 concessi,
767 2286 841 2328 cum
864 2263 1014 2328 omnibus
1034 2264 1075 2328 ad
1097 2286 1130 2328 se
1152 2262 1387 2348 pertinentibus

283 2368 416 2452 campis,
432 2369 569 2451 pascuis,
584 2367 694 2452 pratis,
711 2367 811 2445 silvis,
827 2375 861 2430 et
879 2367 980 2450 aquis.
1025 2369 1075 2432 Ex
1095 2366 1171 2430 hinc
1186 2365 1248 2430 sibi
1262 2373 1387 2428 tantam

285 2471 375 2534 Deus
403 2492 459 2535 sue
488 2471 615 2554 pietatis
643 2470 783 2552 graciam
818 2469 956 2532 contulit
984 2477 1022 2532 ut
1049 2469 1136 2532 inter
1163 2474 1389 2532 momentanea

283 2573 396 2636 mundi
417 2573 574 2637 desideria
595 2571 751 2656 cogitaret
766 2571 903 2636 feliciter
917 2571 1102 2636 desudando
1118 2572 1249 2636 celestia
1258 2597 1268 2648 3
1292 2570 1386 2653 quin·

157 2663 160 2670 ¹
283 2676 384 2740 eciam
399 2676 447 2739 illi
462 2677 517 2760 qui
532 2677 641 2741 omnia
654 2676 690 2739 in
705 2677 854 2740 omnibus
868 2684 1020 2760 operatur
1032 2683 1070 2739 ut
1084 2675 1153 2739 vult
1167 2676 1266 2739 talem
1280 2673 1388 2737 divine

283 2778 412 2861 pietatis
434 2778 635 2842 dulcedinem
656 2785 694 2841 ut
716 2798 813 2861 supra
834 2778 1007 2842 memoravi
1029 2777 1184 2842 concessit
1205 2777 1245 2855 ei,
1261 2785 1300 2841 ut
1320 2798 1388 2839 nou

284 2880 388 2944 solum
417 2881 480 2944 Dei
510 2880 614 2944 cultor
637 2880 802 2957 efficiatur,
832 2902 944 2944 verum
970 2880 1070 2945 eciam
1100 2881 1252 2944 canonice
1276 2880 1387 2963 regule
1448 2880 1454 2891 '

284 2990 434 3045 strenuus
457 2981 625 3045 institutor
648 2981 717 3044 fieri
746 2982 913 3060 credatur;
943 3004 1019 3046 nam
1041 2983 1101 3046 bec
1130 2982 1284 3046 divinitus
1313 2982 1389 3045 fidei

285 3083 498 3146 declaratione
513 3090 546 3145 et
560 3104 694 3165 operum
709 3084 906 3148 exhibitione
922 3092 1164 3169 ceterarumque
1179 3085 1385 3149 ecelesiarum

284 3205 392 3249 rerum
417 3183 618 3268 plenitudine
637 3184 784 3268 probavit
803 3194 946 3250 eventus.
999 3187 1081 3252 Quis
1099 3195 1209 3251 autem
1225 3188 1299 3250 finis
1317 3188 1388 3271 ejus

285 3286 434 3350 desiderii
458 3294 531 3370 post
558 3286 618 3351 hec
644 3288 794 3367 evenerit,
825 3289 985 3373 sapiencia
1013 3311 1071 3373 per
1101 3290 1307 3353 Salomonem
1332 3290 1388 3354 de·

186 3402 192 3425 ·
284 3387 435 3452 clarando
464 3388 630 3472 prompsit,
662 3388 739 3452 dum
776 3390 843 3473 sitq
873 3391 1008 3455 “Justis
1036 3391 1166 3456 dabitur
1194 3392 1387 3456 desiderium

283 3490 438 3554 bonum.”
489 3490 663 3555 Enimvero
692 3491 842 3555 rationali
870 3494 1004 3558 consilio
1032 3494 1154 3558 ditatus
1176 3517 1214 3560 ao
1239 3516 1296 3559 sue
1321 3517 1388 3559 non

283 3593 454 3656 immemor
482 3591 686 3672 conditionis,
716 3593 751 3656 in
780 3596 966 3679 praescripto
994 3597 1065 3661 loco
1093 3598 1323 3662 monasterium
1346 3598 1388 3662 ad

282 3694 410 3758 laudem
434 3694 569 3758 Domini
592 3696 696 3760 nostri
721 3696 819 3761 Ihesu
843 3699 966 3763 Christi
989 3709 1023 3765 et
1049 3708 1160 3764 sancte
1183 3702 1287 3766 crucis
1311 3723 1386 3765 con·

282 3797 409 3861 struxit.
458 3798 605 3861 Primum
631 3800 807 3863 concedens
831 3802 861 3864 ei
884 3810 1003 3865 terram
1026 3823 1089 3885 que
1110 3810 1242 3867 vocatur
1263 3804 1388 3868 North·

281 3899 386 3979 lande,
403 3900 488 3965 unde
512 3901 679 3965 ecclesiam
694 3902 769 3965 ville
790 3903 969 3985 antiquitus
989 3903 1131 3967 dotatam
1149 3905 1291 3983 invenit3
1314 3913 1388 3989 post

280 4001 451 4065 fundatum
471 4001 586 4065 dehinc
604 4024 691 4065 sacre
712 4003 785 4066 fidei
804 4004 1035 4068 monasterium
1052 4006 1094 4070 ad
1113 4028 1261 4071 normam
1276 4016 1387 4072 sancte

281 4103 345 4168 Dei
368 4104 507 4168 ecclesiae
532 4103 770 4193 dedicarilfecit
791 4104 967 4169 honorifice
988 4106 1031 4171 ob
1054 4110 1245 4173 memoriam
1265 4110 1329 4173 mei
1353 4118 1386 4174 et

282 4205 427 4289 conjugis
442 4224 522 4281 mee,
533 4205 664 4270 nomine
676 4205 814 4285 AEfflcae,
830 4208 931 4290 patris
946 4231 984 4274 ao
998 4211 1121 4288 matris,
1137 4233 1196 4294 pro
1211 4232 1245 4275 se
1259 4212 1388 4295 suisque

279 4307 430 4371 omnibus
456 4306 534 4370 vivia
560 4315 592 4370 et
619 4307 778 4371 defunctis
804 4309 865 4373 sibi
892 4312 1171 4395 consanguinitate
1196 4314 1386 4397 conjunctis.
