3234 5125
508 377 829 433 MISOELLANEOUS
849 379 1061 434 OHAR'l'ERS.
1286 382 1338 435 343

231 546 418 630 elongantes
435 548 475 613 de
497 556 583 613 terra
597 550 776 613 vivencium
799 550 952 615 dolendos
970 551 1039 615 iore
1047 578 1058 630 3
1082 553 1167 636 quod
1182 552 1209 614 si
1223 553 1271 615 nil
1286 561 1336 615 cst

231 648 367 729 dulcius,
384 652 568 735 jocundius,
583 660 679 736 atque
701 653 826 717 felicius
849 675 945 736 quam
969 675 1043 717 cum
1066 655 1177 717 eodem
1192 654 1334 719 Domino

229 773 338 815 rerum
361 754 500 836 gaudere
523 756 750 838 perpetualiter
770 755 805 819 in
829 756 1010 835 celestibus,
1026 757 1118 820 facile
1136 777 1154 820 e
1172 757 1333 820 contrario

230 856 360 938 agnosci
375 857 472 920 datur
484 878 614 941 prorsus
628 858 675 921 nil
690 879 758 923 esse
773 858 944 937 difficilius,
956 859 1113 938 miserius,
1129 867 1225 942 atque
1240 860 1332 940 lugu-

229 958 328 1038 brius,
345 980 443 1042 quam
466 981 540 1024 cum
560 961 687 1025 diabolo
710 961 928 1045 membrisque
951 964 1021 1047 ejus
1043 962 1205 1046 suppliciis
1228 961 1333 1025 addici

229 1061 470 1144 gehennalibus,
483 1062 575 1147 cujus
590 1064 765 1129 exactionis
780 1064 808 1128 si
822 1064 962 1149 effugere
977 1086 1132 1130 conamur
1139 1066 1330 1149 passionem,

228 1184 270 1228 ne
285 1165 392 1249 pigeat
406 1166 597 1250 evangelicis
609 1166 714 1231 verbis
736 1167 855 1231 mentis
874 1167 1045 1231 sollicitam
1060 1166 1209 1232 adhibere
1223 1167 1329 1231 inteu-

226 1267 360 1348 tionem,
376 1270 467 1353 cujus
492 1269 684 1353 instigamur
706 1270 873 1334 salutifera
892 1269 1120 1349 admonitione,
1136 1291 1203 1333 non
1224 1270 1329 1333 solum

226 1370 308 1435 tales
323 1372 362 1436 de
381 1394 567 1438 mammona
585 1372 767 1456 iniquitatis
789 1373 881 1438 nobis
905 1373 1023 1437 amicos
1045 1394 1229 1457 preparare,
1250 1392 1328 1455 quo-

226 1494 300 1537 rum
320 1474 394 1538 fulti
416 1476 529 1539 auxilii
545 1475 704 1540 levamine
718 1474 926 1560 corporaliter
939 1476 1017 1539 hinc
1031 1474 1215 1539 deficientes
1230 1474 1329 1558 recipi

226 1597 407 1641 mereamur
423 1578 459 1641 in
482 1585 594 1643 eterna
616 1577 836 1656 beatitudinc3
859 1578 915 1641 sed
938 1578 1038 1641 etiam
1060 1583 1204 1641 sanctam
1226 1576 1326 1641 eccle-

225 1678 306 1741 aiam
317 1687 500 1745 nostrarum
513 1681 705 1747 facultatum
717 1681 897 1764 quantitate
906 1680 1019 1758 ditare,
1029 1687 1063 1744 ct
1071 1679 1173 1763 quieti
1185 1679 1327 1743 Domino
1374 1727 1377 1734 .

225 1781 455 1848 famulancium
477 1784 560 1848 inibi
582 1783 758 1868 providere.
805 1783 841 1847 Si
864 1804 939 1847 vero
962 1783 996 1846 id
1018 1782 1236 1846 necessarium
1258 1782 1327 1845 iore

225 1885 374 1949 credahrr
383 1886 566 1951 Christiane
576 1887 652 1950 fidei
666 1887 876 1971 impressione
890 1885 1053 1969 insignitis
1066 1885 1217 1950 omnibus
1231 1892 1326 1969 prout

224 1985 376 2052 facultate
389 1988 507 2053 virium
522 1988 671 2053 devocius
688 1989 840 2073 insudare
857 1989 997 2054 debeant
1010 1989 1073 2052 hiis
1088 2011 1125 2053 ac
1140 1988 1325 2073 hujusmodi

224 2090 383 2155 similibus
408 2098 591 2177 ceterorum
612 2092 770 2157 bonorum
795 2114 930 2176 operum
952 2092 1134 2157 excerciciis
1156 2100 1190 2155 et
1210 2092 1324 2156 fructi·

223 2192 293 2273 bus,
310 2216 384 2259 cum
398 2195 547 2279 precipue
561 2202 630 2259 tarn
643 2195 931 2261 bonaedevotionis
947 2195 1089 2261 liberalis
1103 2194 1325 2259 munificentia

222 2296 316 2362 nobis
338 2298 443 2363 inesse
457 2298 553 2363 debet
567 2298 709 2382 regibus,
724 2310 862 2382 qnorum
884 2299 1011 2377 ditioni,
1027 2320 1093 2363 non
1107 2299 1325 2381 quorumlibet

222 2400 412 2465 meritorum
438 2401 603 2485 qualitate,
625 2402 681 2465 sed
704 2402 802 2466 solius
817 2402 924 2466 divine
939 2401 1108 2466 clementie
1122 2401 1325 2484 providencia

221 2509 255 2568 et
269 2502 477 2588 dispositione
497 2503 537 2568 ad
557 2503 733 2588 regendum
749 2525 918 2570 concessus
933 2512 982 2569 cst
996 2505 1160 2590 subjectus
1174 2504 1323 2588 populus,

220 2612 254 2669 et
277 2606 317 2670 ad
340 2607 499 2676 tuendum
522 2607 653 2671 amalis
676 2607 922 2671 imminentibus
941 2628 1037 2672 sexus
1057 2607 1224 2691 utriusque
1244 2608 1323 2672 ordo

220 2709 463 2774 ecclesiasticus.
519 2708 667 2792 Denique
694 2708 846 2792 quoniam
871 2709 966 2793 juxta
996 2710 1210 2792 quantitatem
1235 2730 1323 2774 com-

220 2812 310 2874 missi
329 2811 445 2876 talenti
470 2812 583 2876 durius
609 2833 669 2876 nos
692 2833 761 2876 esse
790 2810 963 2895 exigendos
986 2832 1053 2875 non
1077 2812 1262 2894 ignoramus
1287 2811 1322 2874 in

219 2923 392 2998 conspectu
402 2915 423 2978 J
425 2914 527 2979 udicis
542 2913 696 2978 adorandi
711 2921 744 2978 et
755 2913 925 2992 tremendi,
936 2921 1035 2997 etpro
1049 2934 1146 2977 cursu
1160 2922 1323 2978 transacta

218 3016 293 3096 vite,
308 3015 478 3100 adepturos
499 3016 608 3081 locum
627 3017 898 3081 remunerationis
913 3024 969 3080 aut
984 3037 1065 3100 pene
1073 3042 1083 3093 3
1106 3015 1180 3080 ideo
1194 3017 1322 3100 expedit

218 3119 315 3183 utin
340 3119 480 3203 suscepti
504 3119 600 3184 officii
627 3101 705 3182 cura
732 3118 780 3183 ita
809 3127 941 3182 strenue
962 3119 1095 3203 vigilare
1123 3119 1320 3198 studeamus,

219 3223 370 3306 quatinus
393 3223 447 3288 hic
469 3244 545 3288 cum
572 3223 682 3287 fructu
703 3222 864 3308 bonorum
886 3243 1021 3306 operum
1045 3223 1219 3306 tranquilla
1244 3245 1321 3306 pace

218 3324 370 3410 degentes
385 3325 425 3390 de
440 3325 668 3410 triumphoque
683 3332 803 3389 sanctae
814 3326 877 3390 Dei
892 3326 1024 3390 ecclesie
1038 3326 1181 3390 hostium
1195 3335 1320 3390 nostro-

97 3453 99 3457 ’
217 3451 290 3492 rum
310 3430 486 3512 gaudentes
506 3429 548 3494 ab
571 3430 684 3494 eodem
700 3429 843 3494 Domino
865 3430 962 3494 ditari
983 3451 1165 3495 mereamur
1186 3430 1318 3495 auditu:

217 3533 334 3596 “Boni
348 3535 462 3616 eugc,'’
479 3540 512 3597 et
531 3532 759 3615 perpetualiter
777 3532 876 3596 foveri
899 3532 934 3595 in
955 3533 1112 3616 promissa
1133 3541 1319 3598 sanctorum

216 3635 377 3698 consortio
400 3635 518 3718 requie.
576 3635 678 3718 Cujus
709 3634 889 3718 adeptionis
918 3635 1031 3699 ardore
1058 3635 1222 3700 inhianter
1247 3658 1318 3701 suc·

215 3759 338 3816 census,
361 3759 422 3821 ego
445 3737 627 3816 Hardcnut,
654 3758 709 3800 rex
724 3737 908 3820 Anglorum
930 3745 1072 3817 vocatus,
1097 3746 1227 3820 gratum
1251 3760 1317 3803 me-

215 3861 289 3905 eum
312 3840 389 3904 duxi
408 3841 573 3906 notificare
591 3840 750 3918 omnibus,
766 3847 835 3903 tam
852 3840 1061 3923 praesentibus
1076 3862 1174 3922 quam
1188 3840 1316 3919 futuris,

214 3943 381 4028 utriusque
396 3965 490 4008 sexus
505 3943 662 4022 fidelibus,
679 3942 1010 4027 praecellentissimum
1023 3943 1120 4021 Cnut,
1137 3942 1316 4025 genitorem

213 4067 333 4125 meum,
349 4067 423 4110 cum
448 4067 589 4126 assensu,
612 4045 716 4124 laude,
737 4052 769 4109 et
793 4045 927 4110 consilio
950 4065 1083 4108 suorum
1106 4045 1316 4128 archiepisco·

213 4171 338 4234 porum,
362 4149 594 4233 cpiscoporum,
619 4148 782 4226 abbatum,
806 4147 1049 4223 monachorum,
1068 4146 1266 4225 clericorum,
1285 4156 1318 4210 et

213 4253 304 4336 regni
324 4253 374 4315 sui
400 4252 588 4316 devotorum
603 4273 782 4334 procerum,
800 4259 833 4314 ct
852 4258 1033 4314 ceterorum
1048 4248 1181 4312 minoris
1196 4249 1317 4313 ordinis

213 4357 432 4440 gregariorum
457 4357 608 4434 militum,
639 4356 723 4418 sicut
751 4355 786 4418 in
817 4353 929 4419 ordine
958 4352 1102 4435 ejusdem
1132 4354 1316 4418 continetur
