3234 5125
292 443 343 494 110
567 443 889 498 msonnnlunot's
910 439 1123 496 clinum&

437 673 535 730 KING
553 673 807 730 AETHELUULF.
844 673 964 728 APRIL
981 675 1057 727 22η
1075 669 1260 728 Decem.

335 823 376 901 ᾧ
393 821 563 904 Regnante
584 821 822 905 imperpetuum
843 819 987 884 Domino
1003 824 1115 882 nostro
1133 817 1235 880 Jbesn
1254 815 1396 893 Christo,

291 944 419 987 summo
433 931 467 988 et
481 923 635 988 ineffabili
649 945 757 988 rernm
772 922 918 988 Creatori
938 921 990 1004 [ac
1004 919 1219 1004 Moderatori]
1238 918 1395 996 omnium,

291 1033 437 1109 tempora
454 1026 509 1109 qni
532 1047 591 1089 sua
609 1025 804 1090 multimoda
823 1025 994 1107 disponens
1015 1023 1216 1106 temporibus
1236 1021 1395 1106 potencia,

290 1135 328 1192 ut
347 1128 485 1192 voluerit
502 1129 599 1192 finem
617 1129 773 1212 imponet,
791 1135 825 1192 et
845 1128 880 1190 in
899 1127 959 1191 bac
978 1125 1045 1190 vita
1062 1124 1253 1207 degentibus
1271 1123 1397 1188 cunctis

290 1237 415 1295 certum
432 1239 470 1294 nt
484 1238 691 1315 proposuerat
706 1231 833 1294 dierum
848 1228 1023 1293 terminum
1038 1227 1224 1291 constituet.
1270 1225 1396 1289 Idcirco

291 1334 415 1396 cunctis
445 1333 617 1416 agendum,
641 1340 679 1395 ut
708 1331 761 1397 hic
789 1332 884 1399 bonis
907 1329 1033 1394 actibus
1055 1329 1165 1393 future
1187 1328 1396 1393 beatitudinis

290 1435 477 1500 felicitatem
492 1436 722 1519 perpetualiter
733 1435 865 1518 adipisci
879 1441 1074 1498 mereantur.
1116 1433 1322 1516 Quapropter
1335 1451 1395 1513 ego

292 1538 478 1619 Athelwulf,
494 1538 598 1622 gratia
619 1539 681 1602 Dei
696 1537 954 1603 Occidentalium
971 1535 1135 1601 Saxonum
1154 1557 1221 1614 rex,
1237 1534 1273 1597 in
1286 1541 1398 1598 sancta

292 1663 330 1706 ao
347 1642 537 1706 celeberima
550 1641 693 1727 paschali
711 1641 948 1725 solempnitate,
963 1660 1022 1723 pro
1036 1659 1106 1702 moe
1121 1638 1264 1702 remedio
1278 1637 1395 1715 anime,

293 1754 326 1810 ct
349 1747 441 1830 regni
460 1747 680 1830 prosperitate,
708 1754 741 1809 et
766 1745 875 1829 populi
897 1744 938 1808 ab
964 1743 1179 1828 omnipotenti
1201 1743 1273 1806 Deo
1298 1740 1398 1805 michi

291 1849 408 1914 collata
436 1850 549 1926 salute,
577 1848 746 1912 consilium
773 1848 901 1911 salubre
923 1841 999 1912 cnm
1024 1846 1190 1930 episcopis,
1213 1845 1396 1925 comitibus,

293 1952 481 2036 cunctisque
505 1951 715 2035 optimatibus
738 1952 830 2030 meis,
851 1972 910 2034 ego
933 1949 1102 2014 humiliter
1120 1971 1179 2034 pro
1202 1970 1312 2013 amore
1335 1949 1398 2014 Dei

291 2054 419 2137 perfeci,
444 2061 479 2117 ut
501 2053 658 2118 decimam
682 2062 807 2138 partem
831 2062 990 2117 terrarum
1012 2074 1069 2136 per
1090 2074 1228 2136 regnum
1249 2059 1397 2114 nostrum

293 2178 359 2220 non
380 2156 485 2221 solum
511 2157 630 2220 sanctis
656 2157 798 2221 ecclesiis
820 2157 907 2235 dare,
929 2178 1040 2220 rerum
1064 2158 1163 2220 etiam
1185 2164 1218 2220 et
1239 2156 1397 2220 ministris

293 2259 411 2324 nostris
430 2260 466 2322 in
488 2258 600 2323 eodem
623 2258 807 2323 constitutis
829 2260 1062 2343 imperpetuum
1079 2259 1262 2322 libertatem
1279 2259 1399 2323 habere

292 2359 517 2441 concessimus,
547 2362 595 2426 ita
627 2369 664 2424 ιιι
695 2362 770 2424 talis
800 2361 933 2426 donatio
965 2361 1029 2425 fixa
1062 2361 1399 2446 incommutabilisque

292 2471 489 2548 permaneat,
512 2463 552 2529 ab
582 2463 670 2528 omni
695 2465 795 2547 regali
825 2464 955 2528 servitio
978 2471 1012 2527 et
1033 2463 1179 2527 omnium
1205 2463 1396 2527 secularium

293 2568 440 2632 absoluta
461 2568 624 2632 servitute.
678 2568 806 2633 Placuit
835 2577 944 2632 autem
974 2569 1111 2632 Alstano
1139 2568 1399 2632 Sciraburnensis

190 2667 193 2674 ’
293 2671 424 2735 ecclesie
459 2671 616 2754 episcopo,
646 2680 680 2735 et
715 2671 884 2735 Swithuno
922 2671 1071 2753 episcopo
1100 2671 1400 2755 Wyntanoestrensi

291 2775 434 2851 ecclesie,
451 2796 525 2838 cum
541 2774 692 2838 omnibus
708 2775 778 2838 Deo
793 2774 1018 2852 servientibus,
1033 2775 1121 2839 utin
1136 2797 1330 2859 unaquaque
1345 2774 1399 2839 eb-

293 2876 439 2953 domada,
459 2876 511 2940 die
527 2876 669 2955 Sabbati,
682 2877 845 2940 unanimis
859 2878 1070 2961 congregacio
1084 2877 1278 2940 famulorum
1293 2878 1397 2940 famu-

293 2980 461 3063 larumque
483 2980 547 3043 Dei
571 2979 804 3063 quinquaginta
824 2978 965 3062 psalmos
987 2987 1106 3059 cantet,
1124 2988 1158 3043 et
1179 2980 1400 3064 unusquisque

293 3082 458 3165 presbyter
467 3080 546 3143 duas
561 3082 683 3159 missas,
699 3102 796 3145 unam
812 3102 870 3164 pro
882 3080 1078 3145 Athelwnlfo
1092 3104 1168 3166 rege
1182 3090 1216 3145 et
1231 3083 1326 3145 aliam
1341 3104 1400 3166 pro

294 3184 442 3265 episcopo
457 3190 490 3245 et
504 3182 640 3247 ducibus
658 3185 737 3267 ejus.
783 3184 846 3247 Pro
861 3205 936 3266 rege
947 3184 1082 3262 vivente,
1099 3190 1120 3219 “
1131 3185 1221 3248 Dens
1236 3184 1291 3268 qni
1302 3186 1401 3268 justi·

295 3286 371 3349 ficas
382 3285 558 3368 impium'';
580 3306 639 3368 pro
650 3285 806 3369 episcopis
816 3294 850 3351 et
861 3286 995 3351 ducibus
1004 3287 1195 3365 viventibus,
1209 3280 1231 3322 i‘
1241 3288 1401 3351 Pretende

295 3386 469 3451 Domine.”
497 3387 674 3470 Postquam
684 3395 792 3451 autem
802 3387 945 3453 defuncti
954 3390 1085 3467 fuerint,
1097 3410 1156 3472 pro
1164 3411 1239 3474 rege
1248 3389 1401 3455 defimcto

295 3489 475 3573 specialiter
483 3515 493 3566 ;
516 3510 574 3572 pro
589 3489 744 3573 episcopis
759 3498 792 3553 et
800 3490 998 3575 principibus
1007 3490 1167 3555 defunctis
1176 3491 1401 3570 communiter,

295 3592 379 3655 hanc
394 3593 672 3656 consencientibus
687 3592 904 3672 donationem,
914 3602 952 3657 ut
966 3604 1035 3657 tam
1047 3594 1197 3658 roborata
1210 3602 1400 3677 perseveret,

296 3694 449 3778 quamdiu
464 3694 542 3757 fides
557 3702 590 3758 et
606 3695 791 3759 Christiana
805 3696 920 3780 religio
934 3696 969 3759 in
980 3696 1162 3779 Anglorum
1178 3705 1274 3779 gente
1288 3697 1401 3761 incon-

295 3819 388 3862 cussa
401 3798 573 3882 pervigeat.
610 3800 684 3862 Hoc
699 3806 808 3862 autem
823 3797 858 3861 in
873 3799 1028 3862 honorem
1043 3798 1177 3863 Domini
1188 3800 1291 3862 nostri
1300 3800 1321 3862 J
1322 3800 1402 3864 besu

297 3900 418 3964 Christi
432 3900 576 3979 fecimus,
593 3910 626 3965 et
642 3900 733 3965 beate
749 3924 785 3965 ac
801 3922 925 3985 semper
933 3902 1066 3985 virginis
1081 3902 1198 3981 Maris,
1207 3911 1242 3967 et
1256 3902 1402 3967 omnium

295 4011 490 4082 sanctorum,
507 4010 540 4066 et
559 4003 716 4086 paschalis
734 4004 808 4068 festi
828 4004 1018 4083 reverencia,
1033 4013 1072 4068 ιιι
1090 4006 1180 4069 Deus
1199 4006 1403 4090 omnipotens

295 4113 328 4169 et
348 4105 442 4169 nobis
466 4113 499 4168 et
523 4105 642 4169 nostris
665 4107 803 4189 posteris
820 4107 1073 4171 misericordiam
1099 4108 1169 4191 ejus
1185 4108 1325 4172 adferret
1336 4135 1346 4186 ;
1370 4118 1403 4173 et

296 4209 357 4273 hoc
372 4210 432 4273 snb
447 4208 632 4273 testimonio
648 4216 812 4292 satrapum
826 4217 1010 4273 nostrornm
1025 4211 1217 4293 populorum
1231 4211 1272 4274 ad
1287 4213 1404 4275 confir-

295 4311 482 4389 mationem,
499 4332 637 4394 quorum
651 4311 785 4375 nomina
799 4311 910 4375 subter
925 4333 1049 4376 annexa
1063 4320 1229 4376 notantur.
1276 4315 1404 4398 Scripta

296 4422 345 4478 est
361 4421 470 4477 antem
485 4414 544 4477 hec
559 4414 682 4477 cartula
699 4435 784 4477 anno
794 4414 966 4478 Dominice
977 4415 1208 4478 incarnationis
1218 4436 1402 4480 nocemur.
