3234 5125
474 472 794 530 ulsanLANnous
813 474 1029 531 CHARTERS.
1271 474 1305 526 41

197 645 293 710 ciales
318 648 483 733 episcopos
508 656 648 727 nostros,
663 648 772 727 duces,
803 656 837 713 et
861 648 1004 728 abbates,
1025 656 1058 712 et
1088 646 1308 730 cujusmmque

196 748 366 833 dignitatis
382 752 478 830 viros,
497 751 537 815 ad
561 751 705 815 sinodale
729 752 913 830 concilium,
933 751 968 814 in
991 751 1099 814 locum
1123 749 1179 832 qui
1202 747 1306 811 nomi-

195 859 296 915 natur
322 850 496 932 Clouesho,
525 853 571 917 ibi
606 854 744 919 sollicito
775 854 819 918 ab
846 854 893 919 eis
917 854 1074 918 scrutinio
1098 850 1307 936 quesivimus,

197 954 337 1037 qualiter
366 955 452 1040 apud
480 976 535 1021 eos
565 955 644 1021 fides
678 956 837 1021 catholica
865 956 1050 1033 haberetur,
1081 963 1115 1019 et
1144 953 1307 1038 quomodo

78 1108 85 1119 .
197 1057 384 1123 Christiana
406 1058 522 1143 religio
539 1066 753 1123 exerceretur.
800 1057 876 1123 Hiis
890 1058 939 1123 ita
952 1057 1133 1142 exquisitis,
1148 1077 1216 1120 una
1236 1077 1307 1120 om·

196 1159 289 1224 nium
311 1181 388 1226 voce
410 1160 457 1224 ita
476 1182 668 1245 responsum
691 1168 758 1225 est:
785 1162 944 1226 “Notum
967 1161 1011 1224 sit
1028 1158 1217 1244 paternitati
1237 1166 1306 1237 tue,
1415 1221 1420 1228 .

196 1263 273 1346 quia
290 1262 374 1328 siout
391 1262 541 1348 primitus
560 1284 580 1327 a
597 1270 707 1329 sancta
722 1264 872 1328 Romana
888 1271 922 1327 et
939 1263 1115 1346 apostolica
1129 1261 1215 1340 sede,
1230 1260 1306 1325 bea·

199 1364 328 1429 tissimo
352 1387 434 1450 papa
455 1366 615 1449 Gregorio
637 1363 807 1449 dirigente,
831 1374 961 1431 exarata
982 1372 1043 1443 est,
1061 1365 1110 1429 ita
1126 1363 1306 1441 credimus3

196 1476 232 1532 et
255 1468 341 1552 quod
364 1469 524 1533 credimus
554 1468 676 1553 absque
699 1469 922 1553 ambiguitate,
948 1476 1107 1554 quantum
1136 1488 1307 1552 possumus

197 1592 347 1636 exercere
377 1571 587 1655 satagimus?
633 1572 809 1655 Postquam
833 1580 943 1636 autem
966 1571 1150 1655 superbiis
1174 1570 1306 1634 uberius

144 1743 150 1751 ,
197 1680 375 1737 tractatum
398 1681 458 1752 est,
477 1674 525 1737 ita
541 1674 647 1738 exorsi
666 1695 797 1739 sumus:
830 1679 852 1710 “
861 1674 1091 1739 Necessarium
1109 1679 1170 1751 est,
1190 1672 1307 1736 frutra

196 1776 389 1856 charissimi,
408 1775 558 1840 ecclesias
583 1776 646 1841 Dei
664 1783 698 1840 et
715 1776 915 1841 venerabiles
934 1776 1030 1855 viros,
1046 1776 1101 1861 qui
1115 1776 1186 1860 jam
1203 1774 1308 1838 multo

197 1886 345 1962 tempore
368 1885 529 1942 terrarum
548 1877 716 1963 dispendio
734 1886 768 1943 et
792 1878 1018 1963 absumptione
1041 1878 1306 1963 cirograpborum

198 1980 428 2045 miserabiliter
451 1982 685 2061 laboraverant,
706 1982 903 2065 corrigere.”
950 1983 1026 2047 Hiis
1049 1981 1156 2061 dictis,
1173 1980 1308 2066 prolatio

198 2091 276 2147 sunt
295 2084 521 2168 inscriptiones
548 2084 738 2149 monasterii
755 2084 843 2169 quod
860 2093 993 2150 vocatur
1007 2084 1169 2150 Coccham
1186 2083 1223 2148 iu
1239 2104 1307 2147 me·

89 2238 92 2243 r
197 2186 300 2266 dium,
310 2194 534 2271 terrarumque
549 2184 863 2271 sibi‘adjacentium3
888 2188 974 2271 quod
982 2186 1131 2251 videlicet
1144 2192 1307 2269 monaste·

197 2289 295 2369 rium,
312 2310 386 2353 cum
401 2288 550 2354 omnibus
566 2290 607 2353 ad
621 2289 701 2353 illud
717 2289 955 2374 pertinentibus
970 2290 1075 2369 terris,
1091 2310 1147 2354 rex
1165 2287 1306 2371 inclytus

197 2392 399 2456 Merciorum
422 2390 634 2457 AEllelbaldus
657 2392 790 2458 ecclesie
814 2392 1001 2472 salvatoris,
1024 2414 1086 2476 que
1116 2392 1180 2455 sita
1199 2397 1250 2455 est
1271 2390 1306 2453 iu

169 2536 173 2542 -
197 2494 330 2558 civitate
353 2493 567 2574 Dorobernie,
590 2494 679 2559 dedit
686 2521 695 2575 3
719 2503 821 2581 utque
844 2495 931 2561 illius
949 2495 1082 2561 donatio
1099 2514 1307 2579 perseveran-

197 2599 263 2662 tior
286 2598 388 2678 fieret,
404 2619 442 2662 ex
474 2597 586 2663 eadem
604 2605 693 2662 terra
709 2599 865 2683 cespitem
882 2606 917 2664 et
934 2607 1068 2664 cunctos
1091 2597 1216 2662 libellos
1235 2618 1307 2680 pre·

197 2701 369 2766 memorati
387 2700 523 2779 cenobii,
542 2721 600 2785 per
618 2700 835 2766 venerabilem
849 2701 955 2766 virum
978 2701 1183 2767 cudbertum
1203 2697 1306 2763 archi·

197 2803 385 2888 episcopum
399 2803 500 2882 misit,
517 2811 550 2868 et
567 2825 665 2888 super
679 2804 779 2868 altare
796 2803 984 2884 Salvatoris,
998 2825 1058 2889 pro
1075 2807 1231 2887 perpetrm
1248 2822 1307 2864 sua

196 2905 313 2985 salute,
328 2906 405 2991 poni
428 2906 582 2990 precepit.
629 2905 694 2970 Sed
724 2913 808 2990 post·
825 2913 965 2971 mortem
989 2905 1105 2990 prelati
1134 2902 1306 2989 pontificis,

194 3008 328 3073 easdem
351 3009 578 3093 inscriptiones
597 3009 753 3074 Doeibeah
777 3017 811 3074 et
833 3009 1003 3087 Osbertus,
1019 3030 1099 3093 quos
1117 3007 1204 3072 idem
1225 3026 1306 3090 pon·

197 3111 279 3175 tilex
302 3111 448 3176 alumnos
472 3113 620 3192 nutrivit,
643 3112 786 3196 maligno
811 3111 876 3176 acti
899 3111 1016 3196 spiritu
1037 3110 1138 3174 firrati
1160 3116 1247 3188 sunt,
1273 3116 1307 3173 et

198 3213 337 3278 Cenulfo
365 3214 435 3298 regi
459 3214 716 3280 Occidentalium
747 3217 912 3280 Saxonum
942 3213 1146 3291 detulerunt3
1178 3220 1212 3277 at
1240 3212 1307 3291 ille,

198 3317 358 3401 accipiens
383 3317 494 3382 statim
517 3317 705 3383 testimonia
724 3318 919 3396 litterarum,
938 3317 1118 3401 predictum
1135 3314 1307 3382 cenobium

197 3441 274 3484 cnm
298 3420 448 3485 omnibus
471 3421 512 3484 ad
535 3421 616 3484 illud
639 3421 702 3484 rite
725 3420 963 3504 pertinentibus
985 3419 1052 3482 suia
1077 3417 1190 3482 usibus
1212 3438 1307 3501 coap-

197 3523 290 3602 tavit,
313 3523 470 3606 neglectis
492 3523 709 3608 prenominati
727 3522 958 3607 archiepiscopi
977 3521 1135 3587 Cuilberti
1157 3519 1252 3586 dictis
1274 3525 1309 3584 et

196 3624 303 3688 factis.
363 3627 460 3705 Item,
491 3626 682 3710 Bregwinus
712 3633 745 3690 et
775 3626 949 3691 lanbertus
979 3624 1221 3709 archiepiscopi,
1251 3644 1310 3706 per

198 3729 343 3812 singulas
366 3728 499 3794 sinodus
515 3751 600 3809 suas,
616 3728 723 3813 questi
745 3735 822 3792 sunt
844 3727 883 3792 de
904 3727 1028 3813 injuria
1049 3726 1181 3793 ecclesie
1200 3726 1310 3790 Salva·

198 3830 280 3895 tcris
309 3831 418 3911 illata,
450 3840 484 3896 et
507 3831 592 3916 apud
616 3831 789 3896 Cenulfum
815 3853 926 3915 regem
949 3830 1207 3897 occidentalium
1231 3829 1310 3892 Sax-

198 3954 311 4012 onum,
334 3941 368 3998 et
392 3933 477 4018 apud
497 3934 604 4000 Offam
622 3955 732 4018 regem
756 3933 968 4014 Merciorum,
987 3933 1044 4018 qui
1067 3932 1216 3998 videlicet
1234 3951 1309 4014 sepe

196 4043 417 4100 memoratum
432 4036 604 4102 cenobium
619 4037 780 4102 Cocebam
798 4042 832 4101 et
849 4037 928 4101 alias
942 4037 1040 4102 urbes
1056 4032 1308 4122 quamplurimas

197 4139 338 4204 Ceuulfo
357 4161 432 4224 rege
452 4138 595 4218 abstulit,
612 4147 645 4204 et
668 4139 804 4223 imperio
822 4139 1023 4206 Merciorum
1041 4139 1180 4223 subegit.
1225 4137 1310 4200 'Pan-

198 4241 274 4305 dem
290 4242 447 4306 cenulfus
463 4265 530 4322 rex,
547 4264 619 4307 sera
633 4241 748 4307 ductus
763 4241 951 4326 penitentia,
966 4241 1181 4327 telligraphia,
1197 4239 1231 4303 id
1249 4247 1309 4317 est,

197 4343 325 4412 libellos
341 4368 421 4430 quos
438 4368 458 4409 a
472 4345 661 4430 supradietis
677 4345 874 4426 bominibus,
892 4346 1027 4411 Daeiheb
1044 4353 1078 4410 et
1093 4344 1245 4420 Osberto,
1260 4341 1310 4406 iu·

196 4436 285 4523 juste
315 4457 512 4535 perceperat,
544 4471 617 4514 cum
646 4473 765 4534 magna
788 4450 933 4534 pecunia,
964 4449 1098 4514 ecclesie
1122 4446 1246 4515 Christi
1275 4446 1310 4508 in
