3234 5125
290 434 325 490 88
561 430 882 489 fflsonnnnnnoos
902 429 1117 486 OHARTERS.

291 605 452 671 untediete
472 605 618 670 reddent.
664 606 752 670 Silva
774 625 902 689 qnoque
922 603 1028 668 omnis
1052 622 1116 685 que
1137 600 1186 664 illi
1207 597 1340 664 ecclesie
1362 605 1396 661 et

292 708 483 773 suburbanis
499 709 569 793 ejus
585 709 738 792 suppetit,
753 708 787 771 in
802 706 952 772 omnibus
968 705 1073 770 censis
1089 705 1133 768 sit
1152 702 1264 781 libera,
1279 709 1313 766 et
1330 722 1397 764 nou

292 819 419 876 secetur
432 812 478 876 ibi
493 811 535 875 ed
549 811 635 895 regis
650 810 700 876 vel
715 809 871 894 principis
892 808 1019 873 edificia
1035 807 1143 891 ulique
1160 828 1234 892 pers
1251 803 1396 869 meteriae

294 914 398 998 grossi
412 914 463 978 vel
477 913 617 998 gracilis,
633 913 691 978 sed
705 913 745 978 sb
763 912 914 978 omnibus
934 910 1067 976 defense
1085 919 1119 975 et
1132 910 1236 974 bbere
1252 915 1394 972 manent.

295 1016 331 1079 Si
354 1017 427 1100 quis
449 1023 558 1081 sutem
580 1015 773 1100 prescriptis
792 1015 922 1079 statutis
940 1013 1083 1078 noluerit
1099 1012 1240 1091 obedire,
1258 1010 1340 1076 sciet
1361 1031 1396 1072 se

294 1119 436 1183 alienum
458 1140 528 1184 csse
543 1141 562 1183 a
576 1118 740 1183 consortio
760 1124 870 1196 sancte
890 1117 954 1182 Dei
973 1115 1116 1195 ecclesie,
1134 1125 1169 1180 et
1186 1137 1207 1178 s
1226 1113 1396 1198 participe-

293 1221 383 1286 tioue
400 1220 543 1306 corporis
567 1229 600 1286 et
622 1220 787 1305 sanguinis
804 1218 939 1285 Domini
954 1219 1056 1284 nostri
1073 1219 1176 1284 Jbesu
1191 1215 1324 1294 Christi,
1339 1237 1398 1300 per

294 1325 518 1390 auctoritatem
546 1324 633 1389 besti
663 1324 753 1388 Petri
784 1322 931 1408 apostoli,
960 1321 1026 1387 nisi
1053 1322 1151 1406 digne
1179 1319 1398 1385 emendaverit

295 1427 381 1512 quod
395 1434 508 1493 contre
522 1427 586 1493 Dei
600 1427 766 1492 ecclesium
781 1426 918 1490 fecisset.

339 1535 380 1614 ›1‹
395 1531 468 1615 Ego
481 1530 621 1615 Eogbert
635 1552 691 1595 rex
706 1529 848 1596 conoessi
862 1537 896 1594 et
909 1528 1094 1613 subscripsi.

340 1619 381 1716 ᾧ
396 1634 468 1717 Ego
483 1633 654 1698 AEtbelwlf
664 1633 748 1696 lilius
762 1632 848 1717 regis
861 1631 1003 1697 concessi
1017 1639 1052 1696 et
1065 1631 1250 1716 subscripsi.

344 1737 383 1818 '1‘
400 1737 472 1820 Ego
482 1735 624 1800 AElfsten
639 1736 807 1820 episcopus
823 1735 966 1815 concessi
980 1743 1015 1800 et
1028 1734 1212 1819 subscripsi.
1339 1738 1346 1749 '

342 1842 382 1921 ›1‹
399 1840 471 1923 Ego
486 1838 618 1904 Rethun
633 1838 801 1923 episcopus
817 1838 961 1903 concessi
975 1845 1009 1902 et
1023 1837 1207 1922 subscripsi.

341 1946 382 2025 »1⁴
398 1943 469 2026 Ego
484 1941 609 2006 Kinred
623 1941 790 2025 episcopus
803 1940 947 2006 concessi
962 1948 995 2005 et
1009 1939 1193 2026 subscripsi.

342 2048 382 2127 ›1‹
398 2045 469 2128 Ego
484 2044 601 2109 Wlfluf
611 2044 709 2109 abbas
723 2043 866 2109 concessi
880 2051 914 2108 et
929 2044 1113 2127 subscripsi.

342 2150 382 2229 ›1‹
398 2148 469 2232 Ego
484 2146 637 2212 Esdwuld
651 2146 750 2212 ebbas
765 2147 909 2212 concessi
922 2154 956 2211 et
970 2146 1155 2231 subscripsi.

342 2254 382 2333 ›1‹
397 2251 470 2334 Ego
484 2249 590 2313 Wlfsr
604 2250 669 2314 dux
684 2248 827 2314 concessi
841 2256 875 2314 et
890 2249 1074 2333 subscripsi.

342 2357 383 2436 ›1‹
398 2354 470 2438 Ego
485 2352 609 2418 Osmod
623 2353 688 2417 dux
703 2352 851 2416 concessi⁴
860 2359 894 2416 et
908 2352 1094 2437 subscripsi.

342 2459 382 2538 ›1‹
398 2456 470 2539 Ego
484 2454 631 2538 wigfrcd
646 2454 711 2518 dux
726 2453 874 2519 consensi
888 2461 922 2518 et
936 2454 1122 2539 subscripsi.

342 2563 382 2642 ›1‹
399 2562 443 2623 nt
472 2558 568 2623 multi
594 2557 648 2623 ulii
678 2558 760 2623 hunc
785 2557 969 2623 libertatem
994 2558 1225 2644 prescriptum,
1249 2582 1323 2624 eum
1347 2559 1400 2622 bis

295 2664 433 2728 testibus
443 2662 527 2726 infre
541 2662 728 2741 nominatis,
744 2661 925 2726 firmiterin
941 2662 961 2725 J
963 2662 1043 2725 besu
1057 2661 1188 2728 Christo
1202 2683 1277 2727 cum
1292 2662 1398 2745 sigue-

296 2767 369 2842 culo
380 2772 489 2831 sancte
504 2766 608 2832 crucis
622 2765 850 2833 confirmantes
863 2764 1094 2830 roboravimus.

606 3036 629 3043 .-
640 3038 652 3043 -
683 3035 831 3043 .-..-.--
845 3031 1089 3045 ..ι.--........,,,,,-,ξ

450 3220 547 3274 nmo
565 3196 968 3275 W1onlrorunncn.
1004 3220 1246 3276 nocemur.

342 3367 492 3450 Regnum
508 3367 571 3431 Dei
587 3366 787 3450 querendum
807 3374 859 3431 est
876 3388 974 3451 super
993 3367 1143 3432 universe
1156 3368 1247 3433 lucre
1260 3374 1398 3446 terrene,

298 3436 400 3533 Psblo
414 3476 555 3535 testante
570 3471 714 3553 apostolo
725 3495 735 3549 ;
759 3491 841 3553 quse
850 3470 937 3535 enim
949 3469 1101 3535 uidentur
1108 3470 1299 3554 temporalis
1312 3480 1400 3549 sunt,

297 3571 354 3634 sed
378 3593 450 3654 quae
473 3582 546 3637 nou'
560 3572 710 3637 videntur
731 3580 864 3637 aeterne
885 3580 972 3638 sunt.
1018 3574 1106 3640 Quid
1128 3574 1257 3657 prodest
1276 3574 1400 3638 homini

296 3680 403 3738 totum
419 3673 578 3738 mundum
592 3675 726 3755 lucrare,
744 3675 772 3738 si
787 3676 896 3739 enims
906 3676 976 3761 ejus
991 3675 1223 3741 detrimentum
1236 3677 1400 3761 potietur?

298 3778 503 3861 Quapropter
517 3800 577 3861 ego
592 3766 737 3861 Uuiglsf,
753 3798 809 3841 rex
825 3778 1037 3857 Merciorum,
1052 3799 1127 3843 cum
1145 3780 1226 3843 meis
1246 3780 1402 3864 episcopis

296 3890 330 3943 et
347 3880 482 3944 ducibus
503 3888 536 3944 et
557 3880 811 3965 magistratibus,
826 3880 902 3944 illut
919 3880 1152 3945 monesterium
1170 3881 1206 3945 in
1224 3882 1402 3967 Heanbyrg

296 3982 331 4046 in
354 3983 494 4048 circuitu
520 4004 595 4047 cum
617 3984 697 4047 silve
718 3983 759 4047 sd
781 4004 853 4050 eam
876 3983 1104 4066 pertinentem,
1127 3992 1257 4050 etcum
1279 3986 1401 4069 eampis

296 4093 330 4150 et
353 4085 452 4169 pratis
477 4094 606 4151 etcum
629 4085 780 4149 omnibus
804 4085 997 4150 utensilibus
1021 4095 1151 4152 etcum
1175 4088 1305 4172 putheis
1327 4089 1403 4153 salis

295 4197 329 4253 et
358 4189 541 4253 lomacibus
570 4188 721 4273 plumbis,
749 4196 782 4252 et
808 4188 892 4252 villis
919 4196 952 4252 et
975 4189 1085 4253 omnis
1107 4190 1185 4255 illuc
1209 4191 1405 4275 pertinentia

295 4292 331 4354 in
346 4291 509 4355 coelestem
520 4292 648 4355 culmen
662 4292 858 4375 generaliter
865 4313 923 4376 per
932 4298 1038 4355 totum
1047 4301 1178 4377 gentem
1193 4294 1404 4371 Merciorum,

298 4402 330 4457 et
339 4415 397 4477 pro
416 4394 618 4459 absolutione
638 4393 813 4459 criminum
830 4402 1016 4459 nostrorum
1034 4396 1214 4461 liberaliter
1229 4398 1405 4462 liberamus
