3234 5125
345 438 400 490 626
753 430 1054 487 MANUMISslcn'S.

349 607 499 685 Scirlocc,
515 604 702 690 AEbaelwine
722 604 819 682 Muff,
836 603 978 669 Eeldred
992 603 1092 667 freter
1107 604 1187 687 ejus,
1203 602 1347 684 Eadsige
1362 601 1462 683 scrip-

348 720 418 775 tor:
442 717 475 773 ct
493 709 540 773 bii
564 717 641 772 sunt
667 714 767 772 testes
789 728 830 771 ex
856 707 979 772 clericis
1003 708 1114 771 Sancti
1136 707 1286 771 Petroci:
1311 704 1462 769 Prudens

346 813 513 897 presbiter,
538 813 621 877 Boiu
646 812 809 888 diaconus,
837 810 997 895 Wulfsige
1019 810 1183 888 diaconus,
1207 810 1371 895 Bryhsige
1396 808 1461 871 cle-

349 918 445 997 ricus,
460 924 499 980 ut
512 916 698 980 libertatem
712 960 1239 978 .....................
1287 914 1332 976 Et
1348 918 1460 995 postea

348 1020 437 1083 venit
467 1018 665 1102 AEiuclwaerd
695 1016 759 1079 dux
789 1015 830 1079 ud
859 1016 1092 1079 monasterium
1123 1016 1236 1079 Sancti·
1258 1015 1401 1092 Petrcci,
1427 1022 1459 1076 et

347 1120 494 1185 liberavit
517 1141 597 1199 cem,
618 1139 677 1203 pro
701 1118 810 1182 anime
829 1140 899 1196 suc,
923 1140 1021 1202 super
1046 1119 1147 1183 altere
1177 1118 1290 1181 Sancti
1315 1115 1459 1193 Petroni,

349 1245 458 1289 coram
485 1223 558 1286 istis
585 1222 723 1287 testibus
748 1221 949 1285 videntibus:
980 1221 1178 1286 Buruhwold
1205 1222 1346 1304 bisceop,
1374 1220 1459 1283 Ger-

349 1348 465 1391 manus
490 1326 597 1404 ebbss,
624 1324 774 1389 'littberd
796 1324 964 1407 presbiter,
987 1324 1147 1407 Wulfsige
1169 1324 1332 1403 diaconus,
1357 1323 1459 1385 Wnr-

349 1438 428 1513 gent
456 1427 541 1493 filius
573 1428 716 1506 Samuel,
747 1425 916 1510 chaerbon
948 1426 1149 1511 praepositus,
1179 1428 1299 1511 'Pelion
1331 1426 1458 1501 consul,

352 1580 542 1597 ........
558 1530 645 1593 filius
673 1528 761 1593 Mer.
806 1530 852 1593 Et
880 1529 948 1611 ipse
978 1528 1166 1609 adfirmavit,
1194 1538 1231 1592 ut
1260 1530 1459 1613 quicumque

349 1633 551 1699 custodierit·
568 1632 651 1697 hanc
676 1631 872 1710 libertatem,
898 1631 1087 1695 benedictus
1112 1632 1173 1709 sit;
1205 1642 1238 1695 et
1260 1632 1461 1714 quicumque

348 1736 490 1820 fregerit,
506 1735 681 1799 anathema
694 1735 737 1798 sit
752 1755 771 1798 a
786 1734 928 1798 Domino
944 1735 1016 1798 Deo
1031 1734 1102 1813 celi,
1119 1742 1152 1799 et
1167 1734 1207 1799 sb
1223 1736 1345 1818 angelis
1360 1737 1443 1817 ejus

395 1940 469 2003 Hoc
492 1944 540 2002 est
565 1958 684 2001 nomen
706 1938 794 2001 illius
815 1938 956 2002 hominis
975 1960 1069 2022 quem
1095 1938 1240 2004 liberavit
1260 1941 1458 2017 Cenmenoc,

350 2062 408 2126 pro
426 2041 534 2104 enimn
553 2062 622 2118 sua,
643 2060 741 2124 super
757 2040 860 2104 altare
881 2042 994 2105 Sancti
1012 2042 1152 2121 Petroci,
1171 2043 1324 2121 Benedic,
1348 2064 1458 2107 coram

350 2143 422 2207 istis
452 2142 588 2207 testibus
613 2140 816 2207 videntibus:
848 2144 949 2208 Osisn
974 2143 1140 2228 presbiter,
1170 2145 1360 2208 Morbnitho
1390 2145 1458 2207 dis-

351 2267 461 2310 conus.

396 2350 469 2413 Hoc
492 2358 541 2413 est
564 2369 684 2413 nomen
702 2349 788 2411 illius
815 2348 988 2433 [mulieris]
1015 2350 1188 2433 Anagnistl
1208 2372 1305 2433 quem
1327 2350 1459 2432 Ensiger
1566 2390 1567 2445 3

349 2474 406 2517 rex
431 2452 590 2529 liberavit,
616 2471 675 2534 pro
701 2451 810 2515 enimc
833 2472 901 2530 sua,
929 2472 1024 2534 super
1048 2452 1148 2515 altere
1175 2452 1288 2516 Sancti
1315 2452 1457 2529 Petrcci,

350 2576 459 2620 coram
477 2554 548 2619 istis
567 2553 705 2618 testibus
725 2552 928 2618 videntibus:
959 2552 1120 2638 Wulfsigc
1142 2554 1307 2639 presbiter,
1327 2565 1362 2618 et
1381 2555 1457 2620 Gri-

350 2659 419 2722 fiuc
435 2656 602 2741 presbiter,
618 2663 652 2720 et
670 2655 842 2720 Conredeu
856 2656 1021 2737 diaconus,
1039 2664 1073 2721 et
1091 2658 1281 2743 Byrehtsige
1301 2659 1397 2722 cleric
1403 2659 1459 2740 [us

350 2762 398 2844 et]
419 2760 493 2824 Elie
506 2759 618 2823 laicus.

394 2861 604 2923 Wucnumon
633 2876 653 2938 ]
684 2857 755 2921 hire
783 2864 881 2936 tecm,
967 2860 1177 2923 Wuenumon
1206 2859 1269 2923 and
1298 2860 1358 2923 ber
1382 2883 1456 2944 pro-

351 2962 493 3026 Moruiw
501 2961 573 3025 hire
588 2968 722 3024 swirster
742 2960 792 3045 [3]
814 2961 883 3024 hire
924 2981 1017 3044 geny,
1034 2962 1180 3026 Morvith
1199 2962 1259 3025 her
1273 2962 1376 3042 sister,
1392 2965 1457 3026 and

349 3074 449 3129 teum·
478 3064 541 3129 end
567 3065 802 3148 Wurgustel]
833 3063 884 3128 bis
924 3063 983 3126 ber
1004 3085 1158 3148 progeny,
1183 3064 1247 3128 and
1266 3065 1455 3149 Wurgustel

351 3175 451 3233 tecm·
489 3188 622 3231 wuarun
659 3167 789 3250 gefreod
826 3167 884 3230 ber
925 3165 988 3229 and
1014 3165 1064 3228 his
1089 3188 1242 3251 progeny,
1265 3189 1344 3232 were
1367 3169 1455 3233 fieed

351 3291 394 3334 on
410 3279 501 3333 tunc·
518 3269 569 3332 for
582 3268 732 3352 Endryde
747 3269 884 3353 cyningc
924 3269 1001 3332 here
1014 3269 1049 3334 in
1063 3279 1161 3348 town,
1170 3271 1220 3335 for
1234 3271 1314 3354 king
1327 3272 1455 3337 Esdred

351 3391 370 3454 Ἰ
405 3373 455 3435 sor
490 3371 718 3454 AEtielge[erd]
758 3371 880 3455 biscop·
925 3372 988 3436 and
1017 3372 1068 3436 for
1092 3373 1207 3457 bishop
1232 3374 1455 3457 AEtbelgesrd‚

351 3495 393 3537 cn
410 3475 465 3559 pas
482 3472 610 3556 hirydes
630 3473 819 3555 gewitnesse
841 3476 885 3538 bc
925 3475 960 3538 in
992 3476 1123 3540 witness
1156 3477 1193 3540 of
1226 3478 1281 3541 the
1318 3487 1456 3543 convent

351 3576 409 3640 her
423 3598 468 3640 on
481 3583 561 3639 tune
575 3575 714 3659 syndun.
926 3578 1031 3643 which
1044 3579 1073 3642 is
1086 3580 1162 3644 bere
1177 3581 1212 3643 in
1226 3588 1322 3645 town.

397 3680 470 3743 Hoc
491 3686 539 3742 est
558 3699 677 3743 nomen
696 3677 784 3744 illius
805 3680 946 3744 bominis
968 3703 1064 3764 quem
1086 3682 1235 3746 liberavit
1254 3686 1378 3763 Perem,
1397 3708 1457 3769 pro

352 3783 460 3847 anime
476 3803 545 3861 sna,
567 3781 716 3861 Gurient,
736 3803 832 3866 super
850 3783 950 3847 altare
969 3785 1081 3849 Sancti
1098 3787 1235 3865 Petrcci,
1259 3789 1456 3851 commistis

350 3885 506 3950 testibus:
538 3884 673 3950 Adclces
701 3885 870 3968 presbiter,
900 3886 1080 3952 Morhsedo
1105 3887 1267 3968 diaconus,
1292 3890 1458 3954 Gusedrct

350 3989 494 4052 clericus.
526 3988 618 4051 Vale.
650 3987 734 4051 Vive
748 3985 783 4050 in
798 3988 881 4072 xpc.

395 4094 435 4172 ›1‹
451 4091 624 4168 Wunstnn,
663 4088 811 4169 Blebros,
851 4091 1058 4172 Hincomhal,
1096 4093 1249 4172 Benedic,
1288 4095 1458 4176 Wurcent,

350 4194 458 4270 Otcer,
474 4194 655 4270 Onnwuen,
671 4193 896 4275 Argentmoet,
913 4195 1038 4259 'l'elent

395 4299 435 4377 ›1‹
451 4295 550 4358 Marh
567 4294 716 4377 gefreode
732 4296 879 4378 hecolt]
969 4302 1009 4380 ›1‹
1026 4297 1124 4361 Msrh
1145 4298 1203 4362 has
1221 4299 1309 4363 freed
1325 4301 1461 4366 Lethclt

349 4397 429 4460 ealle
454 4397 524 4460 hirc
547 4405 645 4460 teum·
672 4398 723 4461 for
748 4397 881 4480 Ecdwig
925 4400 989 4463 and
1009 4399 1052 4463 all
1068 4401 1127 4464 her
1141 4423 1295 4485 progeny,
1312 4403 1363 4466 for
1382 4405 1460 4488 only
