3234 5125
465 442 784 499 MISOELIANEOUS
809 444 1023 499 CHARTERS.
1260 443 1294 495 13

191 622 432 693 conversantur,
446 614 531 679 hanc
545 615 729 680 libertatem
745 615 888 680 ecclesiis
902 615 1065 699 impendo,
1079 623 1113 678 et
1127 614 1212 678 hanc
1229 614 1293 699 pri-

193 717 301 801 vilegii
317 717 509 801 dignitatem
526 718 730 783 monasteriis
750 717 882 782 confero
891 744 901 797 ;
924 726 963 781 ut
981 716 1051 780 sine
1064 716 1296 800 impedimento

193 820 395 885 saecnlarium
416 841 535 900 rerum,
556 829 589 885 et
612 821 732 905 absque
753 821 877 884 tributo
899 821 1057 885 fiscalium
1078 819 1296 904 negociorum,

192 922 303 987 liberis
326 923 500 1003 mentibus,
524 925 595 989 Deo
625 924 686 989 soli
707 922 859 1003 serviant,
882 931 915 989 et
936 923 1149 988 monasticam
1170 922 1297 987 cenobii

193 1025 408 1110 disciplinam,
436 1026 566 1090 Christo
591 1027 780 1111 suffragium
805 1026 965 1111 largiente
993 1027 1183 1110 regulariter
1206 1046 1296 1090 erer-

194 1138 307 1210 ceant;
331 1153 368 1196 ac
394 1152 452 1215 pro
480 1140 569 1195 statu
598 1140 631 1195 et
652 1132 865 1216 prosperitate
888 1134 981 1214 regni
1001 1132 1116 1209 nostri,
1135 1138 1168 1195 et
1189 1130 1299 1193 indul-

195 1234 309 1316 gencia
331 1234 575 1299 commissorum
606 1234 826 1318 [criminum],
851 1241 926 1298 ante
955 1242 1162 1317 conspectum
1191 1232 1298 1295 divine

195 1337 379 1421 Maiestatis
404 1357 513 1420 preces
534 1334 672 1402 bindere
701 1336 896 1420 dignenturz
927 1343 961 1401 et
990 1335 1174 1400 orationum
1196 1335 1299 1399 officia

196 1437 437 1522 frequentantes
456 1440 492 1501 in
516 1437 668 1517 ecclesiis,
684 1460 742 1522 pro
768 1446 880 1501 nostra
899 1438 1074 1521 fragilitate
1094 1436 1299 1521 interpellare

197 1540 353 1605 nitantur.
388 1542 423 1605 Si
439 1542 594 1624 quievero
609 1550 722 1606 contra
735 1540 834 1625 hujus
843 1540 964 1604 decreti
973 1540 1179 1625 singrapham
1190 1540 1299 1603 venire

198 1643 413 1726 temptaverit,
440 1642 521 1707 sciat
550 1662 585 1707 sc
614 1664 721 1707 coram
752 1643 883 1708 Christo
911 1662 1090 1725 novemque
1112 1641 1299 1725 angelorum

198 1746 365 1811 ordinibus
385 1746 421 1809 in
441 1745 609 1811 tremendo
629 1746 775 1810 examine
790 1746 948 1810 rationem
968 1744 1180 1810 redditurum.
1227 1746 1301 1809 Hoc

198 1869 274 1913 vero
289 1847 462 1927 dccr'etum,
480 1848 607 1914 anobis
625 1848 764 1913 libenter
783 1869 979 1926 consessum,
995 1847 1104 1911 taliter
1118 1848 1300 1911 confirmari

199 1961 232 2016 et
247 1954 365 2017 servari
379 1952 590 2031 decernimus,
606 1959 644 2016 ut
658 1960 725 2017 tam
741 1951 835 2016 uobis
850 1951 916 2015 vita
930 1951 1048 2015 comite
1062 1951 1205 2035 propicia
1219 1950 1300 2014 divi-

200 2056 304 2119 nitate
320 2055 423 2139 -regni
445 2055 663 2138 gubernacula
683 2052 872 2139 regentibus
899 2054 1011 2139 [quam
1033 2054 1151 2119 futuris
1174 2075 1300 2117 succes·

200 2159 326 2223 acribus
348 2160 545 2223 haereditatis
564 2160 638 2243 jure
666 2158 824 2242 regnandi
844 2158 1063 2222 monarchiam
1085 2158 1302 2241 tenentibus]‚

201 2261 413 2329 inextricabili
427 2262 498 2345 lege
513 2261 649 2326 firmiter
665 2261 844 2327 roboretur.
889 2260 978 2324 Nam
997 2282 1055 2344 pro
1075 2261 1224 2345 ampliori
1247 2260 1302 2322 tir·

201 2364 324 2428 mitatis
337 2371 542 2443 testamento,
558 2364 717 2448 principes
731 2372 765 2428 et
779 2370 953 2442 senatores,
966 2363 1091 2447 judices
1106 2370 1139 2429 et
1153 2363 1304 2447 patricios

199 2467 398 2532 subscribere
412 2467 557 2547 fecimus,
573 2489 710 2551 quorum
725 2467 859 2531 nomina
871 2466 957 2530 infra
973 2474 1126 2531 tenentur
1140 2467 1302 2550 asscripta.

201 2573 324 2636 Actum
341 2571 467 2656 publice
485 2579 518 2635 et
535 2573 761 2636 confirmatum
782 2571 819 2634 iu
838 2570 909 2634 loco
928 2569 983 2654 qui
1006 2571 1184 2654 appellatur
1197 2570 1302 2634 Ilbm-

202 2673 307 2758 lcagh.
353 2675 484 2758 Septem
508 2673 729 2738 Kalendarum
751 2671 924 2736 Juniarum
939 2672 1000 2736 die.
1046 2671 1229 2737 Indicticne
1250 2683 1303 2736 11⁸.

203 2778 301 2841 Arma
316 2777 356 2842 ab
369 2777 591 2841 incarnatione
603 2775 724 2841 Christi
739 2795 883 2839 uccurrr.
901 2773 1046 2838 feliciter.

250 2881 386 2963 Signum
401 2901 516 2944 manus
527 2879 591 2944 Yni
606 2877 700 2962 regis,
713 2877 768 2961 qui
783 2877 843 2941 hcc
853 2877 962 2941 omnia
977 2899 1076 2941 manu
1090 2879 1219 2963 propria
1229 2899 1307 2943 con·

205 2983 355 3047 firmavit.

249 3085 320 3168 Ego
337 3085 516 3164 Aldelmus‚
531 3106 641 3150 servus
665 3105 829 3149 servorum
845 3082 917 3162 Dei,
937 3084 1000 3148 hoc
1025 3083 1191 3148 decretum
1208 3107 1308 3150 manu

205 3188 333 3271 propria
346 3187 503 3251 roboravi.
549 3189 619 3271 Ego
636 3187 774 3270 Hagona
789 3185 888 3250 abbas
903 3186 1109 3251 consenciens
1124 3188 1306 3272 subscripsi.

206 3290 278 3374 Ego
306 3289 469 3354 Adbertus
499 3289 596 3353 abbas
626 3289 834 3354 consenciens
863 3289 1046 3372 subscripsi.
1091 3291 1162 3375 Ego
1193 3292 1309 3355 Haeha

206 3394 304 3459 abbas
319 3393 525 3458 consenciens
539 3393 720 3477 subscripsi.
767 3393 978 3476 Ego‘Wintra
993 3393 1092 3456 abbas
1104 3395 1309 3458 consenciens

207 3496 388 3580 subscripsi.
433 3497 504 3578 Ego
529 3495 632 3560 Wedr
654 3495 751 3560 abbas
780 3494 988 3558 consenciens
1010 3495 1192 3579 subscripsi.
1238 3497 1310 3580 Ego

209 3598 398 3663 Beornvald
415 3597 513 3662 abbas
533 3598 739 3662 consenciens
757 3596 939 3680 subscripsi.
984 3598 1056 3680 Ego
1071 3599 1199 3682 Wilgar
1213 3599 1310 3662 abbas

208 3699 414 3766 consenciens
433 3699 613 3784 subscripsi.
652 3701 724 3784 Ego
743 3699 882 3764 Bealwlf
893 3699 991 3763 abbas
1010 3702 1217 3765 consenciens
1235 3701 1310 3764 sub·

208 3802 329 3887 scripsi.
363 3805 434 3888 Ego
450 3802 555 3867 Fmda
569 3803 667 3867 abbas
683 3803 890 3866 consenciens
904 3803 1088 3886 subscripsi.
1125 3804 1197 3887 Ego
1205 3804 1311 3880 Witta

210 3906 308 3970 abbas
323 3907 528 3970 consenciens
543 3905 724 3989 subscripsi.
771 3905 909 3988 Signum
923 3925 1038 3968 manus
1052 3906 1194 3970 Becban.
1240 3908 1314 3991 Sig-

208 4030 289 4072 num
303 4031 418 4072 manus
432 4009 609 4073 Eanberht.
656 4008 793 4091 Signum
808 4029 923 4071 manus
938 4008 1132 4072 Cecuberht.
1175 4009 1311 4093 Signum

210 4133 326 4176 manus
354 4112 453 4176 Coen.
505 4113 642 4195 Signum
671 4131 787 4174 manus
816 4109 978 4174 Adjlfridi.
1032 4111 1167 4194 Signum
1197 4134 1312 4176 manus

139 4287 142 4294 ,
209 4213 397 4278 Esscvaldi.
441 4213 576 4299 Signum
592 4234 708 4277 manus
717 4212 847 4277 Duduc.
887 4213 1025 4295 Signum
1041 4214 1311 4280 manus'liccean.

212 4317 349 4400 Signum
364 4338 480 4380 manus
495 4315 674 4381 Bealdhuu.
