<?xml version="1.0" encoding="UTF-8"?>
<!DOCTYPE html PUBLIC "-//W3C//DTD XHTML 1.0 Transitional//EN"
    "http://www.w3.org/TR/xhtml1/DTD/xhtml1-transitional.dtd">
<html xmlns="http://www.w3.org/1999/xhtml" xml:lang="en" lang="en">
 <head>
  <title>
</title>
<meta http-equiv="Content-Type" content="text/html;charset=utf-8" />
  <meta name='ocr-system' content='tesseract 3.04.00' />
  <meta name='ocr-capabilities' content='ocr_page ocr_carea ocr_par ocr_line ocrx_word'/>
</head>
<body>
  <div class='ocr_page' id='page_1' title='image "./diplomatariuman02thorgoog_0143.png"; bbox 0 0 3234 5125; ppageno 0'>
   <div class='ocr_carea' id='block_1_1' title="bbox 484 465 1311 523">
    <p class='ocr_par' dir='ltr' id='par_1_1' title="bbox 484 465 1311 523">
     <span class='ocr_line' id='line_1_1' title="bbox 484 465 1311 523; baseline -0.002 -2"><span class='ocrx_word' id='word_1_1' title='bbox 484 466 805 523; x_wconf 77' lang='lat' dir='ltr'>MlSCELLANEOUS</span> <span class='ocrx_word' id='word_1_2' title='bbox 828 466 1043 522; x_wconf 83' lang='lat' dir='ltr'><strong>CHARTERS.</strong></span> <span class='ocrx_word' id='word_1_3' title='bbox 1260 465 1311 519; x_wconf 91' lang='lat'><strong>101</strong></span> 
     </span>
    </p>
   </div>
   <div class='ocr_carea' id='block_1_2' title="bbox 209 639 1320 2378">
    <p class='ocr_par' dir='ltr' id='par_1_2' title="bbox 209 639 1317 1735">
     <span class='ocr_line' id='line_1_2' title="bbox 209 639 1312 726; baseline -0.002 -22"><span class='ocrx_word' id='word_1_4' title='bbox 209 661 323 724; x_wconf 52' lang='lat' dir='ltr'><strong>Qum</strong></span> <span class='ocrx_word' id='word_1_5' title='bbox 345 648 401 704; x_wconf 88' lang='lat' dir='ltr'><strong>aut</strong></span> <span class='ocrx_word' id='word_1_6' title='bbox 422 639 602 724; x_wconf 81' lang='lat' dir='ltr'><strong>principum</strong></span> <span class='ocrx_word' id='word_1_7' title='bbox 624 640 675 705; x_wconf 82' lang='lat' dir='ltr'><strong>vel</strong></span> <span class='ocrx_word' id='word_1_8' title='bbox 703 641 937 725; x_wconf 79' lang='lat' dir='ltr'><strong>praefectorum,</strong></span> <span class='ocrx_word' id='word_1_9' title='bbox 961 648 1018 703; x_wconf 89' lang='lat' dir='ltr'><strong>aut</strong></span> <span class='ocrx_word' id='word_1_10' title='bbox 1039 640 1172 726; x_wconf 86' lang='lat' dir='ltr'><strong>alicujus</strong></span> <span class='ocrx_word' id='word_1_11' title='bbox 1194 639 1312 723; x_wconf 84' lang='lat' dir='ltr'><strong>gradus</strong></span> 
     </span>
     <span class='ocr_line' id='line_1_3' title="bbox 210 743 1312 828; baseline -0.002 -20"><span class='ocrx_word' id='word_1_12' title='bbox 210 744 308 808; x_wconf 92' lang='lat' dir='ltr'><strong>homo</strong></span> <span class='ocrx_word' id='word_1_13' title='bbox 333 743 416 807; x_wconf 87' lang='lat' dir='ltr'><strong>hane</strong></span> <span class='ocrx_word' id='word_1_14' title='bbox 439 751 582 808; x_wconf 87' lang='lat' dir='ltr'><strong>nostram</strong></span> <span class='ocrx_word' id='word_1_15' title='bbox 600 743 816 828; x_wconf 90' lang='lat' dir='ltr'><strong>conscriptam</strong></span> <span class='ocrx_word' id='word_1_16' title='bbox 834 743 1028 821; x_wconf 87' lang='lat' dir='ltr'><strong>libertatem,</strong></span> <span class='ocrx_word' id='word_1_17' title='bbox 1046 765 1103 828; x_wconf 91' lang='lat' dir='ltr'><strong>per</strong></span> <span class='ocrx_word' id='word_1_18' title='bbox 1122 743 1312 808; x_wconf 73' lang='lat' dir='ltr'><strong>diabolicam</strong></span> 
     </span>
     <span class='ocr_line' id='line_1_4' title="bbox 210 845 1312 932; baseline -0.002 -22"><span class='ocrx_word' id='word_1_19' title='bbox 210 845 452 930; x_wconf 85' lang='lat' dir='ltr'><strong>gastrimoniam</strong></span> <span class='ocrx_word' id='word_1_20' title='bbox 481 846 642 932; x_wconf 88' lang='lat' dir='ltr'><strong>deceptus,</strong></span> <span class='ocrx_word' id='word_1_21' title='bbox 668 846 816 930; x_wconf 82' lang='lat' dir='ltr'>frangere</span> <span class='ocrx_word' id='word_1_22' title='bbox 844 847 894 911; x_wconf 84' lang='lat' dir='ltr'><strong>vel</strong></span> <span class='ocrx_word' id='word_1_23' title='bbox 922 847 1069 910; x_wconf 89' lang='lat' dir='ltr'><strong>minuere</strong></span> <span class='ocrx_word' id='word_1_24' title='bbox 1098 846 1312 929; x_wconf 87' lang='lat' dir='ltr'><strong>temptaverit,</strong></span> 
     </span>
     <span class='ocr_line' id='line_1_5' title="bbox 213 948 1313 1033; baseline 0.001 -22"><span class='ocrx_word' id='word_1_25' title='bbox 213 948 293 1012; x_wconf 86' lang='lat' dir='ltr'><strong>sciat</strong></span> <span class='ocrx_word' id='word_1_26' title='bbox 307 971 340 1012; x_wconf 88' lang='lat' dir='ltr'><strong>se</strong></span> <span class='ocrx_word' id='word_1_27' title='bbox 355 956 536 1033; x_wconf 86' lang='lat' dir='ltr'><strong>separatum</strong></span> <span class='ocrx_word' id='word_1_28' title='bbox 550 971 571 1013; x_wconf 90' lang='lat' dir='ltr'><strong>a</strong></span> <span class='ocrx_word' id='word_1_29' title='bbox 584 950 745 1014; x_wconf 87' lang='lat' dir='ltr'><strong>consortio</strong></span> <span class='ocrx_word' id='word_1_30' title='bbox 760 957 946 1014; x_wconf 85' lang='lat' dir='ltr'><strong>sanctorum</strong></span> <span class='ocrx_word' id='word_1_31' title='bbox 959 950 995 1013; x_wconf 89' lang='lat' dir='ltr'><strong>in</strong></span> <span class='ocrx_word' id='word_1_32' title='bbox 1003 949 1056 1014; x_wconf 88' lang='lat' dir='ltr'><strong>die</strong></span> <span class='ocrx_word' id='word_1_33' title='bbox 1066 951 1176 1033; x_wconf 85' lang='lat' dir='ltr'><strong>magni</strong></span> <span class='ocrx_word' id='word_1_34' title='bbox 1187 949 1313 1033; x_wconf 87' lang='lat' dir='ltr'><strong>judicii,</strong></span> 
     </span>
     <span class='ocr_line' id='line_1_6' title="bbox 213 1051 1315 1138; baseline 0.002 -24"><span class='ocrx_word' id='word_1_35' title='bbox 213 1061 247 1115; x_wconf 90' lang='lat' dir='ltr'><strong>et</strong></span> <span class='ocrx_word' id='word_1_36' title='bbox 278 1051 313 1114; x_wconf 91' lang='lat' dir='ltr'><strong>in</strong></span> <span class='ocrx_word' id='word_1_37' title='bbox 344 1059 465 1116; x_wconf 75' lang='lat' dir='ltr'><strong>aeterna</strong></span> <span class='ocrx_word' id='word_1_38' title='bbox 492 1052 720 1137; x_wconf 75' lang='lat' dir='ltr'><strong>dampnatione</strong></span> <span class='ocrx_word' id='word_1_39' title='bbox 750 1052 991 1138; x_wconf 80' lang='lat' dir='ltr'><strong>dampnandum</strong></span> <span class='ocrx_word' id='word_1_40' title='bbox 1023 1075 1097 1118; x_wconf 90' lang='lat' dir='ltr'><strong>oum</strong></span> <span class='ocrx_word' id='word_1_41' title='bbox 1123 1053 1253 1118; x_wconf 88' lang='lat' dir='ltr'><strong>diabulo</strong></span> <span class='ocrx_word' id='word_1_42' title='bbox 1281 1061 1315 1116; x_wconf 89' lang='lat' dir='ltr'><strong>et</strong></span> 
     </span>
     <span class='ocr_line' id='line_1_7' title="bbox 214 1154 1313 1242; baseline 0.003 -25"><span class='ocrx_word' id='word_1_43' title='bbox 214 1154 335 1238; x_wconf 78' lang='lat' dir='ltr'><strong>angelis</strong></span> <span class='ocrx_word' id='word_1_44' title='bbox 355 1154 434 1238; x_wconf 87' lang='lat' dir='ltr'><strong>ejus,</strong></span> <span class='ocrx_word' id='word_1_45' title='bbox 449 1155 512 1219; x_wconf 89' lang='lat' dir='ltr'><strong>nisi</strong></span> <span class='ocrx_word' id='word_1_46' title='bbox 534 1165 609 1220; x_wconf 87' lang='lat' dir='ltr'><strong>ante</strong></span> <span class='ocrx_word' id='word_1_47' title='bbox 630 1155 684 1221; x_wconf 89' lang='lat' dir='ltr'><strong>hie</strong></span> <span class='ocrx_word' id='word_1_48' title='bbox 698 1157 787 1220; x_wconf 82' lang='lat' dir='ltr'><strong>Theo</strong></span> <span class='ocrx_word' id='word_1_49' title='bbox 801 1157 1040 1242; x_wconf 85' lang='lat' dir='ltr'><strong>pontocratore¹</strong></span> <span class='ocrx_word' id='word_1_50' title='bbox 1063 1166 1097 1222; x_wconf 89' lang='lat' dir='ltr'><strong>et</strong></span> <span class='ocrx_word' id='word_1_51' title='bbox 1118 1156 1313 1235; x_wconf 90' lang='lat' dir='ltr'><strong>hominibus,</strong></span> 
     </span>
     <span class='ocr_line' id='line_1_8' title="bbox 214 1257 1314 1350; baseline 0.001 -29"><span class='ocrx_word' id='word_1_52' title='bbox 214 1279 288 1321; x_wconf 89' lang='lat' dir='ltr'><strong>cum</strong></span> <span class='ocrx_word' id='word_1_53' title='bbox 311 1257 397 1321; x_wconf 89' lang='lat' dir='ltr'><strong>bona</strong></span> <span class='ocrx_word' id='word_1_54' title='bbox 417 1257 635 1323; x_wconf 75' lang='lat' dir='ltr'><strong>satisfactione</strong></span> <span class='ocrx_word' id='word_1_55' title='bbox 656 1260 882 1350; x_wconf 77' lang='lat' dir='ltr'><strong>emendaverit.</strong></span> <span class='ocrx_word' id='word_1_56' title='bbox 930 1261 989 1323; x_wconf 90' lang='lat' dir='ltr'><strong>Hii</strong></span> <span class='ocrx_word' id='word_1_57' title='bbox 1010 1267 1110 1324; x_wconf 83' lang='lat' dir='ltr'><strong>testes</strong></span> <span class='ocrx_word' id='word_1_58' title='bbox 1131 1261 1314 1338; x_wconf 79' lang='lat' dir='ltr'><strong>adfiierunt,</strong></span> 
     </span>
     <span class='ocr_line' id='line_1_9' title="bbox 213 1361 1316 1444; baseline 0.003 -21"><span class='ocrx_word' id='word_1_59' title='bbox 213 1381 351 1444; x_wconf 88' lang='lat' dir='ltr'><strong>quorum</strong></span> <span class='ocrx_word' id='word_1_60' title='bbox 369 1361 501 1425; x_wconf 86' lang='lat' dir='ltr'><strong>nomina</strong></span> <span class='ocrx_word' id='word_1_61' title='bbox 522 1361 575 1426; x_wconf 90' lang='lat' dir='ltr'><strong>bic</strong></span> <span class='ocrx_word' id='word_1_62' title='bbox 595 1362 682 1426; x_wconf 79' lang='lat' dir='ltr'><strong>infra</strong></span> <span class='ocrx_word' id='word_1_63' title='bbox 701 1362 887 1427; x_wconf 87' lang='lat' dir='ltr'><strong>flavescunt.</strong></span> <span class='ocrx_word' id='word_1_64' title='bbox 933 1364 1034 1428; x_wconf 85' lang='lat' dir='ltr'><strong>Gesta</strong></span> <span class='ocrx_word' id='word_1_65' title='bbox 1052 1371 1102 1428; x_wconf 86' lang='lat' dir='ltr'><strong>est</strong></span> <span class='ocrx_word' id='word_1_66' title='bbox 1123 1370 1231 1428; x_wconf 88' lang='lat' dir='ltr'><strong>autem</strong></span> <span class='ocrx_word' id='word_1_67' title='bbox 1246 1363 1316 1426; x_wconf 81' lang='lat' dir='ltr'><strong>haec</strong></span> 
     </span>
     <span class='ocr_line' id='line_1_10' title="bbox 215 1464 1316 1545; baseline 0.003 -19"><span class='ocrx_word' id='word_1_68' title='bbox 215 1464 345 1528; x_wconf 89' lang='lat' dir='ltr'><strong>donatio</strong></span> <span class='ocrx_word' id='word_1_69' title='bbox 378 1485 463 1528; x_wconf 90' lang='lat' dir='ltr'><strong>anno</strong></span> <span class='ocrx_word' id='word_1_70' title='bbox 497 1465 630 1529; x_wconf 91' lang='lat' dir='ltr'><strong>Domini</strong></span> <span class='ocrx_word' id='word_1_71' title='bbox 657 1465 886 1530; x_wconf 77' lang='lat' dir='ltr'><strong>incarnationis</strong></span> <span class='ocrx_word' id='word_1_72' title='bbox 920 1474 1102 1545; x_wconf 80' lang='lat' dir='ltr'><strong>nccc⁰xnv⁰‚</strong></span> <span class='ocrx_word' id='word_1_73' title='bbox 1133 1465 1316 1531; x_wconf 85' lang='lat' dir='ltr'><strong>Indictione</strong></span> 
     </span>
     <span class='ocr_line' id='line_1_11' title="bbox 216 1568 1317 1654; baseline 0.004 -24"><span class='ocrx_word' id='word_1_74' title='bbox 216 1568 353 1646; x_wconf 85' lang='lat' dir='ltr'><strong>v111⁸,in</strong></span> <span class='ocrx_word' id='word_1_75' title='bbox 375 1568 446 1634; x_wconf 91' lang='lat' dir='ltr'><strong>loco</strong></span> <span class='ocrx_word' id='word_1_76' title='bbox 467 1569 568 1652; x_wconf 84' lang='lat' dir='ltr'><strong>regali</strong></span> <span class='ocrx_word' id='word_1_77' title='bbox 590 1568 646 1653; x_wconf 92' lang='lat' dir='ltr'><strong>qui</strong></span> <span class='ocrx_word' id='word_1_78' title='bbox 667 1568 785 1633; x_wconf 88' lang='lat' dir='ltr'><strong>dicitur</strong></span> <span class='ocrx_word' id='word_1_79' title='bbox 807 1570 1057 1654; x_wconf 70' lang='lat' dir='ltr'><strong>Tomeuuoraig,</strong></span> <span class='ocrx_word' id='word_1_80' title='bbox 1081 1571 1116 1633; x_wconf 91' lang='lat' dir='ltr'><strong>in</strong></span> <span class='ocrx_word' id='word_1_81' title='bbox 1138 1570 1317 1635; x_wconf 84' lang='lat' dir='ltr'><strong>Nativitate</strong></span> 
     </span>
     <span class='ocr_line' id='line_1_12' title="bbox 218 1670 359 1735; baseline 0 -1"><span class='ocrx_word' id='word_1_82' title='bbox 218 1670 359 1735; x_wconf 90' lang='lat' dir='ltr'><strong>Domini.</strong></span> 
     </span>
    </p>

    <p class='ocr_par' dir='ltr' id='par_1_3' title="bbox 217 1775 1320 2378">
     <span class='ocr_line' id='line_1_13' title="bbox 261 1775 1316 1861; baseline 0.002 -22"><span class='ocrx_word' id='word_1_83' title='bbox 261 1776 301 1857; x_wconf 93' lang='grc'><strong>»14</strong></span> <span class='ocrx_word' id='word_1_84' title='bbox 317 1777 389 1858; x_wconf 81' lang='lat' dir='ltr'><strong>Ego</strong></span> <span class='ocrx_word' id='word_1_85' title='bbox 413 1775 591 1840; x_wconf 84' lang='lat' dir='ltr'><strong>Berbtuulf</strong></span> <span class='ocrx_word' id='word_1_86' title='bbox 611 1797 669 1840; x_wconf 85' lang='lat' dir='ltr'><strong>rex</strong></span> <span class='ocrx_word' id='word_1_87' title='bbox 692 1777 889 1842; x_wconf 81' lang='lat' dir='ltr'><strong>Marciorum</strong></span> <span class='ocrx_word' id='word_1_88' title='bbox 911 1778 995 1843; x_wconf 88' lang='lat' dir='ltr'><strong>hanc</strong></span> <span class='ocrx_word' id='word_1_89' title='bbox 1012 1799 1118 1842; x_wconf 87' lang='lat' dir='ltr'><strong>meam</strong></span> <span class='ocrx_word' id='word_1_90' title='bbox 1136 1777 1316 1861; x_wconf 86' lang='lat' dir='ltr'><strong>largifluam</strong></span> 
     </span>
     <span class='ocr_line' id='line_1_14' title="bbox 217 1877 1319 1960; baseline 0.003 -20"><span class='ocrx_word' id='word_1_91' title='bbox 217 1877 399 1942; x_wconf 86' lang='lat' dir='ltr'><strong>libertatem</strong></span> <span class='ocrx_word' id='word_1_92' title='bbox 414 1899 488 1942; x_wconf 92' lang='lat' dir='ltr'><strong>oum</strong></span> <span class='ocrx_word' id='word_1_93' title='bbox 502 1879 619 1943; x_wconf 84' lang='lat' dir='ltr'><strong>vexillo</strong></span> <span class='ocrx_word' id='word_1_94' title='bbox 637 1887 756 1943; x_wconf 82' lang='lat' dir='ltr'><strong>sanctae</strong></span> <span class='ocrx_word' id='word_1_95' title='bbox 776 1881 880 1944; x_wconf 89' lang='lat' dir='ltr'><strong>crucis</strong></span> <span class='ocrx_word' id='word_1_96' title='bbox 894 1881 1015 1946; x_wconf 87' lang='lat' dir='ltr'><strong>Christi</strong></span> <span class='ocrx_word' id='word_1_97' title='bbox 1029 1881 1187 1960; x_wconf 85' lang='lat' dir='ltr'><strong>roboravi,</strong></span> <span class='ocrx_word' id='word_1_98' title='bbox 1202 1888 1241 1944; x_wconf 87' lang='lat' dir='ltr'><strong>ut</strong></span> <span class='ocrx_word' id='word_1_99' title='bbox 1255 1881 1319 1944; x_wconf 81' lang='lat' dir='ltr'><strong>fixa</strong></span> 
     </span>
     <span class='ocr_line' id='line_1_15' title="bbox 217 1981 1318 2069; baseline 0.003 -25"><span class='ocrx_word' id='word_1_100' title='bbox 217 1989 402 2063; x_wconf 86' lang='lat' dir='ltr'><strong>permaneat</strong></span> <span class='ocrx_word' id='word_1_101' title='bbox 424 1981 460 2045; x_wconf 92' lang='lat' dir='ltr'><strong>in</strong></span> <span class='ocrx_word' id='word_1_102' title='bbox 484 1989 651 2047; x_wconf 83' lang='lat' dir='ltr'><strong>aeternum.</strong></span> <span class='ocrx_word' id='word_1_103' title='bbox 726 1987 765 2065; x_wconf 96' lang='grc'><strong>»14</strong></span> <span class='ocrx_word' id='word_1_104' title='bbox 784 1985 856 2067; x_wconf 82' lang='lat' dir='ltr'><strong>Ego</strong></span> <span class='ocrx_word' id='word_1_105' title='bbox 878 1985 1016 2069; x_wconf 72' lang='lat' dir='ltr'><strong>saearyo</strong></span> <span class='ocrx_word' id='word_1_106' title='bbox 1038 1985 1151 2068; x_wconf 83' lang='lat' dir='ltr'><strong>regina</strong></span> <span class='ocrx_word' id='word_1_107' title='bbox 1171 1984 1318 2050; x_wconf 83' lang='lat' dir='ltr'><strong>consensi</strong></span> 
     </span>
     <span class='ocr_line' id='line_1_16' title="bbox 219 2083 1317 2170; baseline 0.005 -24"><span class='ocrx_word' id='word_1_108' title='bbox 219 2091 252 2146; x_wconf 88' lang='lat' dir='ltr'><strong>et</strong></span> <span class='ocrx_word' id='word_1_109' title='bbox 266 2083 450 2169; x_wconf 82' lang='lat' dir='ltr'><strong>subscripsi.</strong></span> <span class='ocrx_word' id='word_1_110' title='bbox 495 2088 536 2167; x_wconf 95' lang='grc'><strong>»14</strong></span> <span class='ocrx_word' id='word_1_111' title='bbox 552 2086 624 2168; x_wconf 87' lang='lat' dir='ltr'><strong>Ego</strong></span> <span class='ocrx_word' id='word_1_112' title='bbox 645 2085 838 2150; x_wconf 76' lang='lat' dir='ltr'><strong>Hunberbt²</strong></span> <span class='ocrx_word' id='word_1_113' title='bbox 853 2087 1019 2170; x_wconf 89' lang='lat' dir='ltr'><strong>episcopus</strong></span> <span class='ocrx_word' id='word_1_114' title='bbox 1034 2087 1180 2151; x_wconf 90' lang='lat' dir='ltr'><strong>consensi</strong></span> <span class='ocrx_word' id='word_1_115' title='bbox 1195 2097 1229 2151; x_wconf 89' lang='lat' dir='ltr'><strong>et</strong></span> <span class='ocrx_word' id='word_1_116' title='bbox 1242 2087 1317 2151; x_wconf 87' lang='lat' dir='ltr'><strong>sub·</strong></span> 
     </span>
     <span class='ocr_line' id='line_1_17' title="bbox 219 2187 1318 2274; baseline 0.003 -23"><span class='ocrx_word' id='word_1_117' title='bbox 219 2187 340 2271; x_wconf 85' lang='lat' dir='ltr'><strong>scripsi.</strong></span> <span class='ocrx_word' id='word_1_118' title='bbox 386 2191 427 2270; x_wconf 91' lang='grc'><strong>»14</strong></span> <span class='ocrx_word' id='word_1_119' title='bbox 443 2190 515 2271; x_wconf 79' lang='lat' dir='ltr'><strong>Ego</strong></span> <span class='ocrx_word' id='word_1_120' title='bbox 538 2188 705 2253; x_wconf 88' lang='lat' dir='ltr'><strong>Hcaberbt</strong></span> <span class='ocrx_word' id='word_1_121' title='bbox 728 2189 895 2274; x_wconf 88' lang='lat' dir='ltr'><strong>episcopus</strong></span> <span class='ocrx_word' id='word_1_122' title='bbox 913 2191 1059 2255; x_wconf 87' lang='lat' dir='ltr'><strong>consensi</strong></span> <span class='ocrx_word' id='word_1_123' title='bbox 1082 2198 1115 2254; x_wconf 88' lang='lat' dir='ltr'><strong>et</strong></span> <span class='ocrx_word' id='word_1_124' title='bbox 1135 2190 1318 2274; x_wconf 89' lang='lat' dir='ltr'><strong>subscripsi.</strong></span> 
     </span>
     <span class='ocr_line' id='line_1_18' title="bbox 220 2290 1320 2378; baseline 0.005 -25"><span class='ocrx_word' id='word_1_125' title='bbox 220 2292 347 2374; x_wconf 63' lang='grc' dir='ltr'><em>»1411ςο</em></span> <span class='ocrx_word' id='word_1_126' title='bbox 369 2290 503 2354; x_wconf 87' lang='lat' dir='ltr'><strong>Ciorred</strong></span> <span class='ocrx_word' id='word_1_127' title='bbox 525 2291 696 2376; x_wconf 59' lang='lat' dir='ltr'><strong>episcopus,</strong></span> <span class='ocrx_word' id='word_1_128' title='bbox 714 2294 862 2358; x_wconf 88' lang='lat' dir='ltr'><strong>consensi</strong></span> <span class='ocrx_word' id='word_1_129' title='bbox 883 2302 917 2358; x_wconf 88' lang='lat' dir='ltr'><strong>et</strong></span> <span class='ocrx_word' id='word_1_130' title='bbox 938 2293 1122 2378; x_wconf 86' lang='lat' dir='ltr'><strong>subscripsi.</strong></span> <span class='ocrx_word' id='word_1_131' title='bbox 1192 2297 1231 2375; x_wconf 98' lang='grc'><strong>»14</strong></span> <span class='ocrx_word' id='word_1_132' title='bbox 1248 2296 1320 2377; x_wconf 81' lang='lat' dir='ltr'><strong>Ego</strong></span> 
     </span>
    </p>
   </div>
   <div class='ocr_carea' id='block_1_3' title="bbox 110 2392 1326 2480">
    <p class='ocr_par' dir='ltr' id='par_1_4' title="bbox 110 2392 1326 2480">
     <span class='ocr_line' id='line_1_19' title="bbox 110 2392 1326 2480; baseline 0.004 -25"><span class='ocrx_word' id='word_1_133' title='bbox 110 2466 114 2472; x_wconf 39' lang='grc'><strong>,</strong></span> <span class='ocrx_word' id='word_1_134' title='bbox 220 2392 379 2456; x_wconf 88' lang='lat' dir='ltr'><strong>Berhtred</strong></span> <span class='ocrx_word' id='word_1_135' title='bbox 394 2393 560 2478; x_wconf 91' lang='lat' dir='ltr'><strong>episcopus</strong></span> <span class='ocrx_word' id='word_1_136' title='bbox 577 2394 721 2458; x_wconf 86' lang='lat' dir='ltr'><strong>consensi</strong></span> <span class='ocrx_word' id='word_1_137' title='bbox 740 2402 773 2458; x_wconf 89' lang='lat' dir='ltr'><strong>et</strong></span> <span class='ocrx_word' id='word_1_138' title='bbox 791 2395 973 2479; x_wconf 87' lang='lat' dir='ltr'><strong>subscripsi.</strong></span> <span class='ocrx_word' id='word_1_139' title='bbox 1020 2400 1060 2478; x_wconf 85' lang='grc'><strong>»14</strong></span> <span class='ocrx_word' id='word_1_140' title='bbox 1076 2399 1147 2480; x_wconf 83' lang='lat' dir='ltr'><strong>Ego</strong></span> <span class='ocrx_word' id='word_1_141' title='bbox 1162 2397 1326 2460; x_wconf 84' lang='lat' dir='ltr'><strong>Cuthuulf</strong></span> 
     </span>
    </p>
   </div>
   <div class='ocr_carea' id='block_1_4' title="bbox 220 2496 1331 3614">
    <p class='ocr_par' dir='ltr' id='par_1_5' title="bbox 220 2496 1331 3614">
     <span class='ocr_line' id='line_1_20' title="bbox 220 2496 1321 2585; baseline 0.003 -26"><span class='ocrx_word' id='word_1_142' title='bbox 220 2496 385 2581; x_wconf 87' lang='lat' dir='ltr'><strong>episcopus</strong></span> <span class='ocrx_word' id='word_1_143' title='bbox 394 2497 540 2561; x_wconf 87' lang='lat' dir='ltr'><strong>consensi</strong></span> <span class='ocrx_word' id='word_1_144' title='bbox 549 2504 583 2561; x_wconf 87' lang='lat' dir='ltr'><strong>et</strong></span> <span class='ocrx_word' id='word_1_145' title='bbox 593 2496 775 2582; x_wconf 85' lang='lat' dir='ltr'><strong>subscripsi.</strong></span> <span class='ocrx_word' id='word_1_146' title='bbox 817 2500 858 2580; x_wconf 95' lang='grc'><strong>»14</strong></span> <span class='ocrx_word' id='word_1_147' title='bbox 874 2501 945 2583; x_wconf 84' lang='lat' dir='ltr'><strong>Ego</strong></span> <span class='ocrx_word' id='word_1_148' title='bbox 960 2498 1122 2564; x_wconf 87' lang='lat' dir='ltr'><strong>Uuihtred</strong></span> <span class='ocrx_word' id='word_1_149' title='bbox 1137 2497 1321 2585; x_wconf 80' lang='lat' dir='ltr'><strong>episcopus⁸</strong></span> 
     </span>
     <span class='ocr_line' id='line_1_21' title="bbox 220 2600 1321 2685; baseline 0 -20"><span class='ocrx_word' id='word_1_150' title='bbox 220 2601 368 2665; x_wconf 87' lang='lat' dir='ltr'><strong>consensi</strong></span> <span class='ocrx_word' id='word_1_151' title='bbox 384 2609 418 2664; x_wconf 89' lang='lat' dir='ltr'><strong>et</strong></span> <span class='ocrx_word' id='word_1_152' title='bbox 435 2600 617 2685; x_wconf 90' lang='lat' dir='ltr'><strong>subscripsi.</strong></span> <span class='ocrx_word' id='word_1_153' title='bbox 664 2605 703 2683; x_wconf 96' lang='grc'><strong>»14</strong></span> <span class='ocrx_word' id='word_1_154' title='bbox 720 2602 791 2685; x_wconf 85' lang='lat' dir='ltr'><strong>Ego</strong></span> <span class='ocrx_word' id='word_1_155' title='bbox 809 2602 984 2666; x_wconf 84' lang='lat' dir='ltr'><strong>Eanmund</strong></span> <span class='ocrx_word' id='word_1_156' title='bbox 1005 2602 1103 2666; x_wconf 87' lang='lat' dir='ltr'><strong>abbas</strong></span> <span class='ocrx_word' id='word_1_157' title='bbox 1123 2603 1270 2667; x_wconf 86' lang='lat' dir='ltr'><strong>consensi</strong></span> <span class='ocrx_word' id='word_1_158' title='bbox 1287 2610 1321 2666; x_wconf 90' lang='lat' dir='ltr'><strong>et</strong></span> 
     </span>
     <span class='ocr_line' id='line_1_22' title="bbox 221 2702 1324 2789; baseline 0.002 -22"><span class='ocrx_word' id='word_1_159' title='bbox 221 2702 403 2787; x_wconf 87' lang='lat' dir='ltr'><strong>subscripsi.</strong></span> <span class='ocrx_word' id='word_1_160' title='bbox 460 2707 500 2785; x_wconf 87' lang='grc'><strong>»14</strong></span> <span class='ocrx_word' id='word_1_161' title='bbox 517 2704 588 2787; x_wconf 85' lang='lat' dir='ltr'><strong>Ego</strong></span> <span class='ocrx_word' id='word_1_162' title='bbox 617 2704 804 2768; x_wconf 81' lang='lat' dir='ltr'><strong>AEthcluulf</strong></span> <span class='ocrx_word' id='word_1_163' title='bbox 828 2704 986 2789; x_wconf 84' lang='lat' dir='ltr'><strong>presbiter</strong></span> <span class='ocrx_word' id='word_1_164' title='bbox 1014 2705 1160 2769; x_wconf 85' lang='lat' dir='ltr'><strong>consensi</strong></span> <span class='ocrx_word' id='word_1_165' title='bbox 1188 2712 1222 2769; x_wconf 88' lang='lat' dir='ltr'><strong>et</strong></span> <span class='ocrx_word' id='word_1_166' title='bbox 1247 2704 1324 2769; x_wconf 90' lang='lat' dir='ltr'><strong>sub-</strong></span> 
     </span>
     <span class='ocr_line' id='line_1_23' title="bbox 220 2805 1322 2892; baseline 0.004 -24"><span class='ocrx_word' id='word_1_167' title='bbox 220 2805 341 2889; x_wconf 90' lang='lat' dir='ltr'><strong>scripsi.</strong></span> <span class='ocrx_word' id='word_1_168' title='bbox 412 2806 453 2885; x_wconf 89' lang='grc'><strong>»14</strong></span> <span class='ocrx_word' id='word_1_169' title='bbox 469 2806 540 2890; x_wconf 87' lang='lat' dir='ltr'><strong>Ego</strong></span> <span class='ocrx_word' id='word_1_170' title='bbox 570 2806 719 2871; x_wconf 88' lang='lat' dir='ltr'><strong>Berhtric</strong></span> <span class='ocrx_word' id='word_1_171' title='bbox 745 2806 829 2870; x_wconf 89' lang='lat' dir='ltr'><strong>filius</strong></span> <span class='ocrx_word' id='word_1_172' title='bbox 857 2808 942 2891; x_wconf 86' lang='lat' dir='ltr'><strong>regis</strong></span> <span class='ocrx_word' id='word_1_173' title='bbox 967 2808 1123 2872; x_wconf 89' lang='lat' dir='ltr'><strong>consensi.</strong></span> <span class='ocrx_word' id='word_1_174' title='bbox 1195 2812 1235 2890; x_wconf 86' lang='grc'><strong>»14</strong></span> <span class='ocrx_word' id='word_1_175' title='bbox 1251 2809 1322 2892; x_wconf 85' lang='lat' dir='ltr'><strong>Ego</strong></span> 
     </span>
     <span class='ocr_line' id='line_1_24' title="bbox 221 2894 1323 2995; baseline -0.001 -21"><span class='ocrx_word' id='word_1_176' title='bbox 221 2908 332 2974; x_wconf 88' lang='lat' dir='ltr'><strong>Mucel</strong></span> <span class='ocrx_word' id='word_1_177' title='bbox 356 2908 422 2971; x_wconf 84' lang='lat' dir='ltr'><strong>dux</strong></span> <span class='ocrx_word' id='word_1_178' title='bbox 445 2894 606 2973; x_wconf 74' lang='lat' dir='ltr'><strong>consensi</strong></span> <span class='ocrx_word' id='word_1_179' title='bbox 616 2916 649 2973; x_wconf 89' lang='lat' dir='ltr'><strong>et</strong></span> <span class='ocrx_word' id='word_1_180' title='bbox 672 2910 856 2995; x_wconf 87' lang='lat' dir='ltr'><strong>subscripsi.</strong></span> <span class='ocrx_word' id='word_1_181' title='bbox 913 2914 953 2992; x_wconf 87' lang='grc'><strong>»14</strong></span> <span class='ocrx_word' id='word_1_182' title='bbox 970 2912 1041 2994; x_wconf 82' lang='lat' dir='ltr'><strong>Ego</strong></span> <span class='ocrx_word' id='word_1_183' title='bbox 1058 2909 1243 2974; x_wconf 90' lang='lat' dir='ltr'><strong>Humberht</strong></span> <span class='ocrx_word' id='word_1_184' title='bbox 1257 2911 1323 2973; x_wconf 87' lang='lat' dir='ltr'><strong>dux</strong></span> 
     </span>
     <span class='ocr_line' id='line_1_25' title="bbox 221 2996 1323 3099; baseline 0.002 -22"><span class='ocrx_word' id='word_1_185' title='bbox 221 3011 376 3077; x_wconf 90' lang='lat' dir='ltr'><strong>consensi.</strong></span> <span class='ocrx_word' id='word_1_186' title='bbox 437 3014 478 3093; x_wconf 88' lang='grc'><strong>»14</strong></span> <span class='ocrx_word' id='word_1_187' title='bbox 494 3012 566 3094; x_wconf 87' lang='lat' dir='ltr'><strong>Ego</strong></span> <span class='ocrx_word' id='word_1_188' title='bbox 591 3012 734 3077; x_wconf 82' lang='lat' dir='ltr'><strong>AElfstan</strong></span> <span class='ocrx_word' id='word_1_189' title='bbox 758 3013 825 3077; x_wconf 90' lang='lat' dir='ltr'><strong>dux</strong></span> <span class='ocrx_word' id='word_1_190' title='bbox 850 2996 1005 3077; x_wconf 72' lang='lat' dir='ltr'><strong>consensi.</strong></span> <span class='ocrx_word' id='word_1_191' title='bbox 1066 3017 1106 3095; x_wconf 86' lang='grc'><strong>»14</strong></span> <span class='ocrx_word' id='word_1_192' title='bbox 1123 3014 1194 3098; x_wconf 85' lang='lat' dir='ltr'><strong>Ego</strong></span> <span class='ocrx_word' id='word_1_193' title='bbox 1218 3016 1323 3099; x_wconf 86' lang='lat' dir='ltr'><strong>Cyne-</strong></span> 
     </span>
     <span class='ocr_line' id='line_1_26' title="bbox 221 3114 1324 3201; baseline 0.002 -22"><span class='ocrx_word' id='word_1_194' title='bbox 221 3114 315 3179; x_wconf 90' lang='lat' dir='ltr'><strong>berht</strong></span> <span class='ocrx_word' id='word_1_195' title='bbox 324 3115 389 3178; x_wconf 83' lang='lat' dir='ltr'><strong>dux</strong></span> <span class='ocrx_word' id='word_1_196' title='bbox 404 3115 560 3178; x_wconf 89' lang='lat' dir='ltr'><strong>consensi.</strong></span> <span class='ocrx_word' id='word_1_197' title='bbox 596 3118 637 3197; x_wconf 95' lang='grc'><strong>»14</strong></span> <span class='ocrx_word' id='word_1_198' title='bbox 652 3117 724 3199; x_wconf 80' lang='lat' dir='ltr'><strong>Ego</strong></span> <span class='ocrx_word' id='word_1_199' title='bbox 735 3116 921 3181; x_wconf 82' lang='lat' dir='ltr'><strong>AEtheluulf</strong></span> <span class='ocrx_word' id='word_1_200' title='bbox 931 3115 996 3179; x_wconf 82' lang='lat' dir='ltr'><strong>dux</strong></span> <span class='ocrx_word' id='word_1_201' title='bbox 1007 3116 1163 3180; x_wconf 89' lang='lat' dir='ltr'><strong>consensi.</strong></span> <span class='ocrx_word' id='word_1_202' title='bbox 1185 3120 1237 3199; x_wconf 87' lang='grc'><em>,»14</em></span> <span class='ocrx_word' id='word_1_203' title='bbox 1253 3118 1324 3201; x_wconf 84' lang='lat' dir='ltr'><strong>Ego</strong></span> 
     </span>
     <span class='ocr_line' id='line_1_27' title="bbox 221 3217 1324 3304; baseline 0.005 -23"><span class='ocrx_word' id='word_1_204' title='bbox 221 3218 332 3282; x_wconf 88' lang='lat' dir='ltr'><strong>Mucel</strong></span> <span class='ocrx_word' id='word_1_205' title='bbox 346 3217 412 3280; x_wconf 86' lang='lat' dir='ltr'><strong>dux</strong></span> <span class='ocrx_word' id='word_1_206' title='bbox 426 3217 583 3282; x_wconf 87' lang='lat' dir='ltr'><strong>consensi.</strong></span> <span class='ocrx_word' id='word_1_207' title='bbox 626 3221 667 3300; x_wconf 95' lang='grc'><strong>»14</strong></span> <span class='ocrx_word' id='word_1_208' title='bbox 683 3220 754 3304; x_wconf 82' lang='lat' dir='ltr'><strong>Ego</strong></span> <span class='ocrx_word' id='word_1_209' title='bbox 770 3219 904 3303; x_wconf 84' lang='lat' dir='ltr'><strong>Sigered</strong></span> <span class='ocrx_word' id='word_1_210' title='bbox 920 3219 986 3283; x_wconf 78' lang='lat' dir='ltr'><strong>dux</strong></span> <span class='ocrx_word' id='word_1_211' title='bbox 1000 3219 1158 3284; x_wconf 88' lang='lat' dir='ltr'><strong>consensi.</strong></span> <span class='ocrx_word' id='word_1_212' title='bbox 1197 3224 1236 3302; x_wconf 96' lang='grc'><strong>»14</strong></span> <span class='ocrx_word' id='word_1_213' title='bbox 1254 3221 1324 3304; x_wconf 83' lang='lat' dir='ltr'><strong>Ego</strong></span> 
     </span>
     <span class='ocr_line' id='line_1_28' title="bbox 222 3320 1331 3407; baseline 0.004 -24"><span class='ocrx_word' id='word_1_214' title='bbox 222 3320 340 3384; x_wconf 84' lang='lat' dir='ltr'><strong>Duddn</strong></span> <span class='ocrx_word' id='word_1_215' title='bbox 349 3320 414 3384; x_wconf 84' lang='lat' dir='ltr'><strong>dnx</strong></span> <span class='ocrx_word' id='word_1_216' title='bbox 424 3321 580 3384; x_wconf 89' lang='lat' dir='ltr'><strong>consensi.</strong></span> <span class='ocrx_word' id='word_1_217' title='bbox 620 3325 660 3403; x_wconf 87' lang='grc'><strong>»14</strong></span> <span class='ocrx_word' id='word_1_218' title='bbox 677 3323 748 3406; x_wconf 83' lang='lat' dir='ltr'><strong>Ego</strong></span> <span class='ocrx_word' id='word_1_219' title='bbox 759 3323 919 3386; x_wconf 82' lang='lat' dir='ltr'><strong>Aldberht</strong></span> <span class='ocrx_word' id='word_1_220' title='bbox 928 3323 993 3386; x_wconf 85' lang='lat' dir='ltr'><strong>dux</strong></span> <span class='ocrx_word' id='word_1_221' title='bbox 1003 3324 1158 3387; x_wconf 87' lang='lat' dir='ltr'><strong>consensi.</strong></span> <span class='ocrx_word' id='word_1_222' title='bbox 1197 3326 1238 3405; x_wconf 90' lang='grc'><strong>»14</strong></span> <span class='ocrx_word' id='word_1_223' title='bbox 1254 3325 1331 3407; x_wconf 56' lang='lat' dir='ltr'><strong>Ego⁴</strong></span> 
     </span>
     <span class='ocr_line' id='line_1_29' title="bbox 224 3422 1326 3511; baseline 0.005 -25"><span class='ocrx_word' id='word_1_224' title='bbox 224 3422 359 3487; x_wconf 83' lang='lat' dir='ltr'><strong>AElfrcd.</strong></span> <span class='ocrx_word' id='word_1_225' title='bbox 420 3427 459 3505; x_wconf 98' lang='grc'><strong>»14</strong></span> <span class='ocrx_word' id='word_1_226' title='bbox 476 3424 548 3506; x_wconf 85' lang='lat' dir='ltr'><strong>Ego</strong></span> <span class='ocrx_word' id='word_1_227' title='bbox 573 3424 712 3508; x_wconf 85' lang='lat' dir='ltr'><strong>Uuicga.</strong></span> <span class='ocrx_word' id='word_1_228' title='bbox 774 3427 814 3508; x_wconf 92' lang='grc'><strong>»14</strong></span> <span class='ocrx_word' id='word_1_229' title='bbox 830 3427 901 3509; x_wconf 85' lang='lat' dir='ltr'><strong>Ego</strong></span> <span class='ocrx_word' id='word_1_230' title='bbox 930 3426 1136 3490; x_wconf 83' lang='lat' dir='ltr'><strong>AEthelheah.</strong></span> <span class='ocrx_word' id='word_1_231' title='bbox 1198 3430 1238 3508; x_wconf 87' lang='grc'><strong>»14</strong></span> <span class='ocrx_word' id='word_1_232' title='bbox 1254 3428 1326 3511; x_wconf 82' lang='lat' dir='ltr'><strong>Ego</strong></span> 
     </span>
     <span class='ocr_line' id='line_1_30' title="bbox 223 3522 1326 3614; baseline 0.005 -25"><span class='ocrx_word' id='word_1_233' title='bbox 223 3522 360 3609; x_wconf 79' lang='lat' dir='ltr'><strong>Eadgar.</strong></span> <span class='ocrx_word' id='word_1_234' title='bbox 444 3529 483 3607; x_wconf 96' lang='grc'><strong>»14</strong></span> <span class='ocrx_word' id='word_1_235' title='bbox 501 3527 572 3610; x_wconf 85' lang='lat' dir='ltr'><strong>Ego</strong></span> <span class='ocrx_word' id='word_1_236' title='bbox 591 3527 734 3611; x_wconf 85' lang='lat' dir='ltr'><strong>Uuiglsf.</strong></span> <span class='ocrx_word' id='word_1_237' title='bbox 818 3532 858 3610; x_wconf 86' lang='grc'><strong>»14</strong></span> <span class='ocrx_word' id='word_1_238' title='bbox 875 3529 946 3612; x_wconf 81' lang='lat' dir='ltr'><strong>Ego</strong></span> <span class='ocrx_word' id='word_1_239' title='bbox 970 3529 1121 3593; x_wconf 85' lang='lat' dir='ltr'><strong>Eaduulf.</strong></span> <span class='ocrx_word' id='word_1_240' title='bbox 1198 3531 1238 3612; x_wconf 93' lang='grc'><strong>»14</strong></span> <span class='ocrx_word' id='word_1_241' title='bbox 1255 3532 1326 3614; x_wconf 84' lang='lat' dir='ltr'><strong>Ego</strong></span> 
     </span>
    </p>
   </div>
   <div class='ocr_carea' id='block_1_5' title="bbox 337 3956 1210 4015">
    <p class='ocr_par' dir='ltr' id='par_1_6' title="bbox 337 3956 1210 4015">
     <span class='ocr_line' id='line_1_31' title="bbox 337 3956 1210 4015; baseline 0.003 -6"><span class='ocrx_word' id='word_1_242' title='bbox 337 3956 435 4011; x_wconf 85' lang='lat' dir='ltr'><strong>KING</strong></span> <span class='ocrx_word' id='word_1_243' title='bbox 452 3956 690 4013; x_wconf 85' lang='lat' dir='ltr'><strong>BERHTUULF</strong></span> <span class='ocrx_word' id='word_1_244' title='bbox 706 3958 755 4013; x_wconf 89' lang='lat' dir='ltr'><strong>OF</strong></span> <span class='ocrx_word' id='word_1_245' title='bbox 772 3958 931 4014; x_wconf 85' lang='lat' dir='ltr'><strong>MEROIA.</strong></span> <span class='ocrx_word' id='word_1_246' title='bbox 968 3958 1210 4015; x_wconf 75' lang='lat' dir='ltr'><strong>nocoxuvln.</strong></span> 
     </span>
    </p>
   </div>
   <div class='ocr_carea' id='block_1_6' title="bbox 224 4105 1329 4396">
    <p class='ocr_par' dir='ltr' id='par_1_7' title="bbox 224 4105 1329 4396">
     <span class='ocr_line' id='line_1_32' title="bbox 269 4105 1327 4194; baseline 0.002 -25"><span class='ocrx_word' id='word_1_247' title='bbox 269 4108 308 4186; x_wconf 98' lang='grc'><strong>»14</strong></span> <span class='ocrx_word' id='word_1_248' title='bbox 325 4106 368 4169; x_wconf 93' lang='lat' dir='ltr'><strong>In</strong></span> <span class='ocrx_word' id='word_1_249' title='bbox 397 4105 529 4170; x_wconf 90' lang='lat' dir='ltr'><strong>nominc</strong></span> <span class='ocrx_word' id='word_1_250' title='bbox 560 4107 644 4171; x_wconf 83' lang='lat' dir='ltr'><strong>alme</strong></span> <span class='ocrx_word' id='word_1_251' title='bbox 673 4117 706 4173; x_wconf 90' lang='lat' dir='ltr'><strong>et</strong></span> <span class='ocrx_word' id='word_1_252' title='bbox 736 4129 818 4194; x_wconf 80' lang='lat' dir='ltr'><strong>egye</strong></span> <span class='ocrx_word' id='word_1_253' title='bbox 851 4109 990 4193; x_wconf 77' lang='lat' dir='ltr'><strong>Sophiae,</strong></span> <span class='ocrx_word' id='word_1_254' title='bbox 1021 4109 1076 4193; x_wconf 93' lang='lat' dir='ltr'><strong>qui</strong></span> <span class='ocrx_word' id='word_1_255' title='bbox 1109 4107 1327 4172; x_wconf 86' lang='lat' dir='ltr'><strong>monarchiam</strong></span> 
     </span>
     <span class='ocr_line' id='line_1_33' title="bbox 225 4209 1329 4294; baseline 0.001 -23"><span class='ocrx_word' id='word_1_256' title='bbox 225 4209 338 4273; x_wconf 88' lang='lat' dir='ltr'><strong>mnndi</strong></span> <span class='ocrx_word' id='word_1_257' title='bbox 353 4210 458 4273; x_wconf 88' lang='lat' dir='ltr'><strong>tocius</strong></span> <span class='ocrx_word' id='word_1_258' title='bbox 478 4232 515 4274; x_wconf 90' lang='lat' dir='ltr'><strong>ac</strong></span> <span class='ocrx_word' id='word_1_259' title='bbox 534 4211 757 4275; x_wconf 88' lang='lat' dir='ltr'><strong>celsitudinem</strong></span> <span class='ocrx_word' id='word_1_260' title='bbox 776 4212 930 4276; x_wconf 89' lang='lat' dir='ltr'><strong>coelorum</strong></span> <span class='ocrx_word' id='word_1_261' title='bbox 945 4212 1150 4293; x_wconf 86' lang='lat' dir='ltr'><strong>abditamque</strong></span> <span class='ocrx_word' id='word_1_262' title='bbox 1163 4210 1329 4294; x_wconf 88' lang='lat' dir='ltr'><strong>profundi·</strong></span> 
     </span>
     <span class='ocr_line' id='line_1_34' title="bbox 224 4313 1329 4396; baseline 0.003 -23"><span class='ocrx_word' id='word_1_263' title='bbox 224 4319 323 4375; x_wconf 86' lang='lat' dir='ltr'><strong>tatem</strong></span> <span class='ocrx_word' id='word_1_264' title='bbox 349 4313 509 4396; x_wconf 85' lang='lat' dir='ltr'><strong>turgentis</strong></span> <span class='ocrx_word' id='word_1_265' title='bbox 529 4316 650 4394; x_wconf 88' lang='lat' dir='ltr'><strong>oceani,</strong></span> <span class='ocrx_word' id='word_1_266' title='bbox 676 4315 709 4378; x_wconf 91' lang='lat' dir='ltr'><strong>in</strong></span> <span class='ocrx_word' id='word_1_267' title='bbox 734 4316 807 4380; x_wconf 85' lang='lat' dir='ltr'><strong>altis</strong></span> <span class='ocrx_word' id='word_1_268' title='bbox 828 4325 862 4379; x_wconf 88' lang='lat' dir='ltr'><strong>et</strong></span> <span class='ocrx_word' id='word_1_269' title='bbox 878 4316 915 4379; x_wconf 93' lang='lat' dir='ltr'><strong>in</strong></span> <span class='ocrx_word' id='word_1_270' title='bbox 936 4315 1020 4393; x_wconf 90' lang='lat' dir='ltr'><strong>imis,</strong></span> <span class='ocrx_word' id='word_1_271' title='bbox 1043 4314 1152 4378; x_wconf 91' lang='lat' dir='ltr'><strong>omnia</strong></span> <span class='ocrx_word' id='word_1_272' title='bbox 1173 4335 1249 4377; x_wconf 89' lang='lat' dir='ltr'><strong>cum</strong></span> <span class='ocrx_word' id='word_1_273' title='bbox 1270 4334 1329 4377; x_wconf 90' lang='lat' dir='ltr'><strong>suo</strong></span> 
     </span>
    </p>
   </div>
   <div class='ocr_carea' id='block_1_7' title="bbox 300 4470 1266 4546">
    <p class='ocr_par' dir='ltr' id='par_1_8' title="bbox 300 4470 1266 4546">
     <span class='ocr_line' id='line_1_35' title="bbox 300 4470 1266 4546; baseline -0.002 -21"><span class='ocrx_word' id='word_1_274' title='bbox 300 4474 307 4503; x_wconf 87' lang='lat'>¹</span> <span class='ocrx_word' id='word_1_275' title='bbox 327 4476 384 4545; x_wconf 80' lang='grc' dir='ltr'><strong>Θεῷ</strong></span> <span class='ocrx_word' id='word_1_276' title='bbox 396 4474 592 4546; x_wconf 80' lang='grc' dir='ltr'>παντοκράτορι.</span> <span class='ocrx_word' id='word_1_277' title='bbox 771 4478 781 4506; x_wconf 84' lang='lat'>²</span> <span class='ocrx_word' id='word_1_278' title='bbox 799 4474 959 4529; x_wconf 77' lang='lat' dir='ltr'><strong>Tunberht?</strong></span> <span class='ocrx_word' id='word_1_279' title='bbox 1136 4474 1145 4502; x_wconf 82' lang='lat'><strong>³</strong></span> <span class='ocrx_word' id='word_1_280' title='bbox 1164 4470 1266 4526; x_wconf 77' lang='lat' dir='ltr'><strong>abbas?</strong></span> 
     </span>
    </p>
   </div>
   <div class='ocr_carea' id='block_1_8' title="bbox 0 0 1646 5125">
    <p class='ocr_par' dir='ltr' id='par_1_9' title="bbox 0 0 1646 5125">
     <span class='ocr_line' id='line_1_36' title="bbox 0 0 1646 5125; baseline 0 0"><span class='ocrx_word' id='word_1_281' title='bbox 0 0 1646 5125; x_wconf 95' lang='lat' dir='ltr'><strong> </strong></span> 
     </span>
    </p>
   </div>
  </div>
 </body>
</html>
