3234 5125
300 380 351 431 1⁸4
569 378 889 434 MISOELLANEOUS
909 377 1122 433 OHARTERS.

299 560 423 614 trorum
457 572 552 615 nemo
584 572 800 615 successorum
824 550 886 615 hoc
914 557 1061 614 nostrum
1090 548 1222 626 donum,
1246 544 1402 631 quamdiu

300 653 527 717 Christianitas
540 653 657 737 vigeat,
672 653 724 717 vel
743 674 782 717 ex
796 652 933 715 minimo
953 652 1130 735 irrumpere
1144 656 1282 733 temptet
1285 674 1294 726 ;
1314 646 1400 731 quod

299 756 326 819 si
350 755 485 840 quisque
513 756 728 839 temptaverit,
749 776 769 817 a
793 754 865 819 Deo
889 754 1126 837 imperpetuum
1150 750 1400 835 dampnandum.

301 858 410 942 Hujus
434 879 574 941 namque
597 879 617 920 a
638 857 710 921 Deo
732 857 936 939 Dominoque
962 856 1064 921 Jhesu
1089 856 1229 933 Christo,
1245 855 1401 917 innuente

300 970 397 1044 atque
420 962 597 1045 inspirante
611 962 785 1025 voluntatis
806 960 945 1038 scedula,
962 981 1048 1024 anno
1063 959 1233 1023 Dominice
1254 960 1399 1023 incarna-

301 1063 399 1127 tionis
413 1063 695 1141 nccccmvnffl,
710 1062 802 1146 regni
816 1083 891 1127 vero
912 1062 1012 1145 gratis
1034 1062 1134 1125 michi
1157 1060 1320 1124 commissi
1338 1064 1398 1136 x1⁰,

300 1165 717 1249 Indictionev111.,Epacta
726 1166 1138 1243 11111.,Concnrrentc111.‚
1150 1184 1212 1227 111.
1227 1163 1301 1227 Kal.
1312 1163 1333 1226 J
1335 1182 1399 1240 an,

298 1268 378 1331 luna
392 1267 544 1332 vertentis
559 1267 677 1332 mensis
691 1288 734 1346 x.,
749 1268 786 1330 in
804 1266 933 1331 civitate
955 1266 1161 1331 celeberrima
1177 1288 1239 1349 que
1254 1266 1399 1329 Domec-

300 1376 404 1432 cester
418 1368 605 1452 appellatur,
621 1376 692 1433 tota
711 1369 905 1453 optimatum
927 1368 1137 1451 generalitate
1160 1366 1220 1431 sub
1235 1366 1294 1431 alis
1313 1365 1399 1447 regie

300 1470 491 1553 dapsilitatis
513 1471 632 1547 ovanti,
656 1472 831 1554 perscripta
853 1478 913 1535 est.
961 1472 1063 1555 Cujus
1088 1470 1185 1533 etiam
1211 1470 1398 1533 inconcusse

300 1573 461 1635 firmitatis
486 1573 665 1636 auctoritas·
682 1574 745 1637 hiis
769 1574 905 1638 testibus
927 1574 1077 1637 roborata
1102 1579 1238 1650 constet,
1261 1592 1399 1655 quorum

299 1674 433 1738 nomina
446 1674 558 1737 subtus
572 1676 760 1757 grammnlis
774 1676 901 1759 depicta
915 1683 1121 1739 annotantur.

351 1776 423 1859 Ego
446 1776 667 1856 Athelstanus,
695 1778 852 1842 ierarchia
880 1778 1025 1843 florentis
1049 1777 1198 1841 Albionis
1226 1774 1398 1860 predictus

299 1900 365 1957 rex,
382 1900 457 1942 cum
476 1878 569 1961 signo
591 1886 700 1944 sancte
722 1901 909 1963 semperque
922 1878 1102 1945 venerande
1124 1880 1226 1943 crucis
1250 1877 1396 1943 corrobo-

299 1983 367 2045 ravi
390 1981 476 2044 hunc
496 1981 685 2061 indiculum,
700 1989 734 2045 et
748 1982 930 2065 subscripsi.
986 1983 1058 2065 Ego
1073 1981 1278 2059 Wll'helmus,
1294 1980 1397 2043 Doro-

300 2084 465 2148 bernensis
491 2084 620 2147 ecclesie
647 2084 912 2168 archiepiscopus,
932 2084 1088 2149 consensi.
1134 2086 1204 2167 Ego
1219 2084 1399 2146 Wlfstanus

300 2185 510 2251 Eboracensis
539 2186 670 2250 ecclesie
699 2186 953 2271 archiepiscopus
982 2186 1128 2251 consensi
1157 2194 1190 2249 et
1215 2184 1397 2268 subscripsi.

298 2291 370 2373 Ego
383 2288 549 2371 Eugenius
563 2288 752 2372 subregulus
771 2290 918 2355 consensi
937 2296 970 2353 et
984 2289 1117 2373 signavi.
1161 2289 1233 2371 Ego
1248 2288 1399 2352 Morcant

298 2392 499 2475 subregulus,
544 2393 615 2475 Ego
628 2391 742 2455 Howel
753 2392 943 2475 subregulus
953 2392 1098 2455 consensi
1110 2398 1144 2455 et
1152 2389 1283 2474 signavi.
1329 2391 1399 2473 Ego
1423 2428 1428 2435 ·

300 2496 414 2559 Cunan
437 2494 602 2579 episcopus
628 2494 759 2578 signavi.
805 2496 876 2579 Ego
892 2494 1007 2558 Jntual
1030 2492 1239 2578 subregulus²
1254 2491 1399 2557 consensi

181 2637 185 2644 -
298 2607 331 2663 et
343 2597 523 2680 subscripsi.
556 2597 974 2682 EgoWlthelmepiscopus
989 2597 1145 2661 consensi.
1181 2596 1398 2680 Egohfwyne

297 2701 464 2785 episcopus
477 2699 624 2764 consensi
639 2709 672 2764 et
683 2699 863 2782 subscripsi.
909 2700 981 2782 Ego
991 2698 1147 2762 Aellwold
1162 2696 1226 2761 dux
1242 2698 1398 2762 consensi.

298 2806 370 2887 Ego
385 2802 514 2868 Uhtred
529 2802 594 2866 dur
609 2801 755 2866 consensi
774 2809 808 2865 et
822 2799 1004 2886 subscripsi.
1057 2802 1128 2884 Ego
1144 2801 1228 2865 Urm
1242 2799 1307 2863 dux
1322 2821 1399 2864 oon·

296 2907 392 2969 sensi.
435 2906 507 2987 Ego
522 2904 621 2967 Osulf
631 2903 697 2967 dux
711 2903 858 2968 consensi
873 2910 906 2966 et
921 2902 1101 2986 subscripsi.

297 3108 412 3176 exstitit,
424 3107 553 3178 nequitie
565 3108 736 3161 inimicorum
751 3127 873 3163 meorum
884 3108 1062 3178 consentiens,
1071 3109 1178 3180 quando
1191 3127 1235 3163 me
1246 3109 1399 3180 voluerunt,

296 3199 373 3266 patre
384 3211 444 3248 meo
456 3194 593 3263 delimato,
604 3211 704 3248 cacare
715 3194 745 3248 in
758 3195 898 3249 Wintonia
915 3194 1066 3264 civit-atesi
1078 3213 1132 3249 non
1144 3213 1189 3249 me
1200 3195 1335 3250 Dominus
1351 3213 1401 3250 sua

183 3327 187 3333 .
296 3283 398 3354 pietate
409 3280 558 3352 eripuisset
577 3280 650 3335 'Sed
661 3282 803 3336 denudatis
818 3300 912 3336 eorum
930 3283 1162 3352 machinamentis,
1173 3283 1300 3336 remissus
1311 3284 1399 3337 estad

298 3367 451 3422 Romanam
470 3365 618 3434 ecclesiam,
639 3373 672 3420 ut
697 3367 737 3421 ibi
757 3385 785 3421 se
808 3385 898 3422 coram
916 3367 1042 3422 Johanne
1060 3369 1206 3440 apostolico
1221 3368 1398 3440 jurejurando

297 3454 470 3521 defenderet;
488 3459 517 3506 et
532 3454 585 3508 hoc
596 3453 662 3508 lecit
672 3471 761 3508 coram
772 3455 851 3509 altari
863 3455 956 3510 Sancti
967 3455 1048 3510 Petri.
1085 3455 1140 3509 Sed
1157 3455 1229 3509 lacto
1243 3455 1398 3527 juramento

296 3539 396 3595 cecidit
413 3557 502 3594 coram
520 3540 607 3610 altari,
625 3547 654 3595 et
672 3541 701 3594 in
719 3541 843 3596 manibus
858 3541 1021 3596 famulorum
1038 3559 1147 3596 suorum
1162 3547 1285 3613 portatus
1305 3549 1347 3596 est
1363 3543 1398 3596 ad

296 3627 417 3680 scholam
430 3625 590 3696 Anglomm,
602 3634 631 3681 et
642 3627 672 3681 in
682 3644 727 3681 111.
739 3633 819 3682 nocte
828 3627 914 3682 vitam
926 3627 1022 3683 finivit.
1054 3628 1092 3681 Et
1103 3645 1176 3681 nune
1189 3629 1352 3700 apostolicus
1364 3627 1399 3684 ad

295 3729 345 3765 nos
365 3711 476 3780 remisit,
489 3712 593 3782 etquid
612 3714 645 3766 de
667 3731 698 3766 eo
719 3719 844 3784 ageretur
863 3711 1005 3766 consuluit.
1043 3711 1101 3766 Nos
1122 3717 1222 3782 sutem,
1235 3713 1399 3784 optimatum

295 3803 447 3853 nostrorum
471 3805 576 3869 rogatu,
596 3799 785 3868 conoessimus,
805 3803 839 3851 nt
858 3803 1010 3869 portaretur
1032 3799 1067 3851 ad
1088 3805 1205 3851 caeteros·
1221 3798 1397 3869 Christianos,

295 3884 419 3955 quamvis
441 3884 577 3955 indignus.
613 3885 651 3938 Et
671 3886 710 3939 sic
733 3884 838 3938 indicta
858 3889 900 3937 est
924 3883 992 3936 mihi
1013 3884 1144 3955 possessio
1164 3884 1238 3939 illius
1258 3887 1346 3940 omnis
1369 3886 1398 3940 in

296 3971 401 4042 magnis
413 3976 441 4024 et
452 3970 575 4040 modicis,
587 3979 638 4025 etc.
674 3970 767 4042 Hujus
780 3987 906 4040 namque,
920 3972 967 4023 &c

333 4061 340 4089 ¹
359 4057 426 4110 This
437 4056 500 4110 date
511 4056 535 4109 is
547 4073 697 4110 erroneona

331 4143 342 4171 ²
360 4143 419 4198 MS.
432 4142 536 4197 Jutwal
549 4141 695 4214 episcopus.

591 4302 706 4312 ...ς-..ῳ
726 4305 743 4310 -
762 4305 901 4313 ----...-.
907 4307 1067 4314 mn...
1075 4309 1081 4313 -
1089 4309 1093 4314 -
