3234 5125
312 426 349 479 60
588 421 908 477 MISOELLANuous
927 418 1142 476 CHARTERS.

314 594 478 658 Paschalis
502 615 646 657 summus
668 593 822 676 pontifex,
842 613 917 656 cum
939 593 1096 677 preceptis
1117 613 1184 656 suae
1203 591 1416 670 auctoritatis,

315 707 348 760 et
370 696 527 761 universis
551 696 748 760 Marciorum
773 695 993 779 optimatibus,
1011 695 1046 759 in
1067 693 1172 758 tribus
1189 693 1320 773 sinodis,
1335 715 1415 757 una·

315 801 404 864 nimo
422 798 567 878 concilio,
583 799 618 861 in
634 805 820 883 perpetuam
836 798 1048 862 hereditatem
1064 796 1147 860 mihi
1164 796 1308 880 meisque
1326 795 1417 860 here·

316 903 410 967 dibus
432 901 517 967 dona
544 923 618 966 mea
642 902 792 970 omnibus
816 900 979 965 archontis
1002 900 1211 978 Merciorum,
1235 920 1362 964 necnon
1384 909 1419 963 et

316 1005 450 1070 aliarum
479 1004 725 1088 provinciarum,
750 1004 785 1066 in
812 1004 895 1068 auro
920 1011 1128 1087 argentoque,
1152 1010 1186 1066 et
1207 1003 1244 1065 in
1267 1001 1418 1066 omnibus

316 1108 508 1173 utensilibus
525 1107 615 1186 meis,
633 1107 718 1171 letus
737 1107 876 1189 erogavi,
896 1126 1021 1170 necnon
1041 1106 1077 1169 in
1094 1104 1186 1189 equis
1204 1104 1416 1182 electissimis,

316 1210 488 1293 uuicuique
508 1209 681 1273 secundum
697 1207 888 1291 dignitatem
909 1207 1026 1290 gradus
1046 1207 1115 1285 sui3
1137 1216 1172 1271 et
1189 1206 1346 1270 universis
1363 1207 1419 1289 qui

316 1333 409 1396 agros
421 1333 488 1375 non
503 1309 675 1388 habebant,
686 1309 802 1374 libram
817 1309 853 1372 in
867 1317 1000 1392 argento
1013 1308 1184 1393 purissimo
1198 1307 1309 1387 tribui,
1321 1317 1419 1392 atque

315 1415 350 1478 in
379 1435 458 1478 auro
485 1413 709 1492 mundissimo,
733 1433 927 1496 unoquoque
951 1411 1138 1494 presbitero,
1165 1414 1269 1474 mand.
1299 1410 1419 1474 tradidi

316 1539 429 1597 unum,
448 1524 482 1581 et
500 1516 590 1580 omni
614 1537 705 1580 servo
728 1515 792 1579 Dei
812 1513 950 1579 solidum
968 1535 1070 1578 unum
1080 1540 1090 1591 ;
1114 1521 1147 1577 et
1164 1535 1204 1578 ea
1219 1514 1305 1577 dona
1320 1513 1417 1576 iunu-

317 1619 482 1682 merabilia
507 1625 593 1696 suut,
617 1617 700 1680 sicut
728 1624 872 1681 nostram
893 1616 1033 1700 regalem
1056 1615 1248 1699 dignitatem
1273 1615 1418 1694 decebat,

318 1745 390 1805 quse
413 1721 522 1784 nullus
551 1741 739 1802 enumerare
760 1720 866 1797 valet;
895 1731 1000 1803 neque
1025 1718 1225 1782 numeranda
1248 1726 1325 1782 sunt
1346 1740 1419 1802 quaa

318 1834 396 1889 tunc
410 1845 491 1888 mee
505 1821 632 1906 erogavi
647 1822 746 1905 genti,
762 1843 798 1886 ea
813 1823 1007 1901 conditione,
1022 1828 1061 1885 ut
1075 1822 1155 1885 mihi
1169 1822 1312 1905 meisque
1326 1822 1418 1885 here-

317 1928 411 1992 dibus
426 1928 519 2011 plena
533 1926 681 1990 libertate
697 1925 860 1990 hereditas
874 1947 947 1990 mea
963 1947 1002 1989 eo
1021 1924 1144 1989 firmior
1162 1933 1258 2008 atque
1274 1923 1420 1989 stabilior

317 2029 511 2095 aeternaliter
532 2028 729 2111 perduraret.
774 2028 845 2111 Ego
872 2028 1065 2113 Kenulphus
1091 2028 1190 2092 etiam
1218 2049 1274 2092 rex
1297 2029 1418 2093 Merci-

320 2154 413 2196 orum
421 2131 575 2196 vexillum
587 2139 706 2194 sanctae
717 2130 951 2214 crudamque
959 2152 1071 2215 passus
1081 2139 1131 2194 est
1140 2132 1260 2195 Jhesus
1268 2131 1419 2197 Christus

319 2235 479 2299 Dominus
489 2240 608 2311 noster,
622 2232 734 2296 adhoc
746 2232 933 2315 conquisivi,
945 2242 982 2297 ut
997 2233 1115 2298 animae
1125 2253 1215 2313 mere,
1228 2241 1261 2297 et
1271 2235 1419 2299 omnium

318 2338 477 2401 bonorum
492 2335 693 2414 secularium,
709 2357 767 2400 seu
782 2334 938 2400 heredum
955 2335 1164 2400 immobiliter
1177 2337 1417 2420 patrocinando,

317 2447 431 2503 contra
439 2431 616 2502 tumriltum
625 2459 794 2522 pravorum
804 2439 939 2502 tutatrix
949 2446 1046 2521 atque
1054 2438 1249 2503 defensatrix
1256 2441 1419 2524 perpetuis

317 2541 515 2627 temporibus
537 2541 771 2625 permansisset.
817 2541 907 2606 Etsi
925 2541 997 2625 quis
1019 2541 1141 2626 aliquid
1163 2541 1204 2606 ab
1225 2541 1286 2608 hoc
1302 2543 1420 2609 vexillo

317 2667 374 2729 per
394 2646 458 2709 vim
483 2643 611 2709 studeat
631 2644 766 2722 auferre,
783 2644 916 2729 majoris
932 2644 998 2708 sive
1018 2644 1152 2709 minoris
1167 2667 1321 2729 personae,
1340 2647 1420 2711 sciat

317 2770 351 2812 se
376 2748 590 2813 anathematis
613 2747 741 2837 vinculo
760 2747 962 2826 innodatum,
979 2756 1012 2811 et
1031 2770 1052 2811 a
1070 2756 1181 2813 sancte
1195 2750 1298 2814 muns
1317 2751 1420 2814 tutela

316 2872 423 2915 coram
440 2852 511 2915 Deo
528 2850 563 2913 in
581 2848 633 2912 die
648 2848 762 2934 judicii
780 2857 972 2932 separatum,
988 2850 1050 2914 nisi
1069 2858 1144 2915 ante
1161 2850 1215 2915 hic
1234 2872 1308 2916 cum
1326 2852 1420 2917 satis·

316 2955 456 3018 factione
473 2951 707 3016 emendaverit:
731 2959 764 3014 et
782 2952 823 3015 ab
841 2950 898 3015 illo
914 2952 1093 3035 patrocinio
1111 2954 1255 3037 predicto
1274 2962 1418 3019 sanctam

255 3118 257 3125 ,
316 3057 412 3119 istam
427 3054 615 3131 aecclesiam,
632 3054 691 3117 sub
707 3054 800 3117 almae
814 3052 982 3118 llbiuitatis
995 3064 1089 3134 nutu,
1106 3064 1202 3139 atque
1220 3058 1418 3141 augelorum,

317 3167 351 3223 et
365 3156 640 3240 archangelorum,
656 3154 920 3240 patriarcharum,
936 3159 1175 3242 prophetarum,
1192 3160 1419 3242 apostolorum,

317 3260 497 3337 martirum,
522 3258 749 3335 confessorum,
768 3258 938 3341 virgiuum,
958 3268 1055 3343 atque
1072 3262 1217 3325 omnium
1235 3271 1420 3327 sanctorum

318 3361 517 3447 protectione
547 3359 785 3425 corroboratam
810 3360 918 3425 sciath
942 3385 1136 3446 permanere.
1191 3365 1264 3430 Hoc
1293 3387 1420 3448 quoque

319 3486 378 3548 ego
398 3463 560 3529 Kenullus
577 3484 645 3543 rex,
664 3471 697 3527 et
718 3484 830 3528 omues
852 3464 908 3548 qui
930 3466 966 3528 in
983 3467 1103 3529 uostris
1124 3467 1322 3532 sinodalibus
1342 3476 1418 3532 eon-

319 3568 400 3632 ciliis
414 3574 513 3631 testes
529 3562 625 3650 atque
640 3566 759 3630 conscii
772 3567 871 3651 hujus
888 3568 935 3631 rei
952 3570 1126 3651 presentati
1140 3569 1287 3648 tuissent,
1303 3570 1420 3659 dijudi-

318 3669 459 3735 cavimus
478 3676 574 3752 atque
596 3668 752 3733 unanimo
774 3691 932 3734 consensu
956 3672 1192 3751 constituimus,
1215 3681 1253 3736 ut
1275 3674 1303 3737 si
1322 3673 1420 3737 homo

319 3772 433 3857 aliquis
450 3772 619 3857 culpabilis
634 3772 707 3837 vitae
725 3794 800 3851 suae,
817 3780 874 3836 aut
893 3772 929 3835 in
946 3774 1053 3856 aliquo
1070 3774 1198 3853 delicto,
1214 3776 1321 3840 oculte
1337 3775 1419 3859 pub·

317 3875 416 3939 licevc
435 3874 634 3957 delinquens,
649 3876 846 3958 pervenisset
863 3874 903 3938 ad
922 3876 1045 3958 apicem
1069 3875 1258 3941 hereditatis
1277 3898 1367 3958 mere,
1386 3886 1419 3942 et

318 3986 461 4042 nostram
486 3977 672 4055 aecclesiam,
697 3985 795 4060 atque
814 3977 967 4041 vexillum
988 3979 1161 4044 salutiferae
1184 3981 1288 4044 crucis
1311 3981 1418 4064 requi-

316 4088 413 4159 reret,
435 4080 650 4144 firmissimam
673 4079 718 4143 ibi
738 4100 850 4163 pacem
870 4088 966 4162 atque
986 4080 1220 4165 indulgentiam
1239 4084 1418 4161 inveniret3

317 4190 350 4248 et
364 4184 475 4261 nullus¹
487 4181 599 4246 brisset
618 4182 716 4246 homo
734 4182 840 4264 aliqua
855 4182 1037 4247 audacitate
1051 4184 1162 4264 fretus,
1179 4186 1420 4270 quoquomodo

315 4294 446 4350 torvave
466 4286 668 4367 cogitatione,
685 4284 805 4367 aliquid
822 4306 878 4367 per
895 4286 958 4348 vim
979 4287 1093 4351 exinde
1110 4310 1232 4373 rapere,
1248 4311 1308 4353 nec
1325 4289 1419 4352 dimi·

316 4410 424 4466 nuere,
448 4409 552 4470 neque
576 4408 669 4470 agros
698 4408 778 4450 meae
807 4386 993 4452 hereditatis
1015 4390 1099 4454 foras
1121 4392 1344 4471 transdonare,
1367 4392 1417 4455 vel
