3234 5125
308 400 362 455 cro
422 381 424 384 ’
572 396 896 454 ursonnmnnous
916 392 1133 451 onanrnns

308 571 513 638 Athelweard
527 571 684 637 minister.
727 574 767 652 ›1‹
783 571 855 653 Ego
871 566 1077 634 Oedelweard
1091 564 1248 629 minister.
1287 567 1328 645 ›1‹
1344 562 1416 646 Ego

281 685 284 689 ’
308 674 513 741 Beorthwold
527 674 684 739 minister.
740 677 780 755 ›1‹
796 673 868 755 Ego
883 671 999 735 AElfric
1013 669 1171 733 minister.
1217 669 1288 751 Ego
1303 664 1414 731 Briht-

310 778 392 843 wold
413 777 572 843 minister.
615 779 689 861 Ego
714 775 849 841 Ordelm
871 774 1030 838 minister.
1074 774 1146 856 Ego
1166 771 1240 835 God
1257 770 1415 833 minister.

310 884 382 965 Ego
397 881 512 945 AElfric
526 880 684 945 minister.
729 879 801 963 Ego
816 877 980 942 Leofwine
998 876 1155 940 minister.
1201 875 1273 957 Ego
1287 872 1416 937 Leofric

310 985 467 1048 minister.
510 985 582 1067 Ego
601 982 746 1047 AElmere
760 981 922 1044 minister.
970 981 1042 1062 Ego
1063 976 1237 1041 Goduuine
1256 974 1414 1039 minister.
1508 962 1514 970 ¹

309 1088 381 1170 Ego
396 1086 521 1151 Alwine
534 1086 691 1151 minister.
737 1085 809 1167 Ego
825 1082 940 1147 AElfrr'c
954 1081 1111 1145 minister.

398 1644 402 1649 .
520 1568 617 1623 KING
636 1566 866 1623 AETHELRED.
904 1566 1199 1624 DGOOOLXXXHI.

354 1715 454 1779 Nunc
476 1716 633 1781 mutando
655 1717 812 1800 fragilitas
835 1717 980 1781 mortalis
1002 1716 1077 1781 vitre
1106 1712 1284 1790 marcescit,
1307 1718 1340 1775 et
1363 1730 1414 1772 ro-

311 1818 415 1881 tunda
436 1819 626 1883 saeclorum
651 1818 833 1884 volubilitas
858 1819 1024 1898 inanescit,
1048 1831 1085 1882 ac
1113 1817 1149 1881 in
1174 1836 1320 1881 carorum
1342 1834 1415 1896 pro-

309 1922 505 2005 pinquorum
528 1921 768 2006 amicorumque
791 1921 962 1985 amissione
985 1919 1193 2004 conqueritur
1213 1939 1249 1982 ac
1269 1916 1414 1980 defletur.

311 2024 392 2089 Ideo
415 2046 476 2108 ego
497 2025 659 2103 AEdebed,
679 2026 780 2089 totius
799 2024 960 2089 Brittsnie
982 2024 1131 2102 basileus,
1156 2020 1319 2106 quandam
1340 2040 1414 2101 cap·

309 2134 418 2191 tinem
432 2127 468 2191 in
482 2149 577 2192 amne
592 2129 759 2193 Derentan
773 2134 1004 2204 constructam,
1016 2148 1087 2210 quae
1102 2126 1223 2188 usitato
1237 2130 1281 2188 eet
1291 2122 1416 2185 Ginan-

310 2230 408 2295 becco
431 2237 636 2314 nuncupatur
654 2230 821 2309 vocabulo,
844 2236 878 2293 et
903 2229 1052 2311 exiguam
1071 2227 1155 2290 ruris
1178 2224 1415 2310 partiunculam

310 2334 470 2417 praedictae
484 2342 625 2418 capturas
641 2332 790 2418 piscatori
810 2341 906 2415 atque
928 2330 1127 2416 procuratori
1147 2329 1187 2393 sd
1207 2350 1284 2392 usus
1308 2346 1414 2391 neces-

311 2436 411 2501 sarios
434 2445 552 2520 aptam,
574 2436 761 2501 Adelrroldo
786 2435 869 2499 mibi
894 2434 1115 2518 episcoporum
1140 2432 1317 2510 carissimo,
1342 2451 1412 2515 per-

310 2548 408 2624 petua
420 2540 556 2624 largitus
571 2563 644 2604 sum
657 2539 847 2619 hereditate,
858 2545 897 2602 ut
910 2538 978 2622 ipse
992 2537 1059 2601 rita
1073 2536 1191 2602 comite
1205 2534 1272 2601 voti
1286 2554 1415 2617 compos

274 2668 278 2675 ’
310 2643 437 2722 habeat,
467 2649 596 2727 etpost
621 2643 696 2707 ritae
720 2663 787 2706 sure
809 2641 985 2706 terminum
1009 2640 1254 2725 quibuscunque
1277 2637 1414 2702 voluerit

308 2746 500 2810 cleronomis
522 2746 701 2810 immunem
724 2744 938 2827 derelinquat.
984 2743 1058 2807 Hoc
1082 2749 1201 2821 autem,
1225 2741 1260 2805 in
1283 2739 1414 2804 nomine

308 2850 392 2914 alme
415 2848 583 2913 'l'rinitatis
608 2855 642 2913 et
664 2847 831 2912 individue
854 2845 1009 2925 Unitatis,
1033 2851 1130 2928 etque
1151 2844 1187 2908 in
1207 2842 1413 2907 veneratione

308 2960 429 3017 sanctie
447 2951 511 3015 Dei
532 2951 696 3034 genitricis
714 2971 901 3034 semperque
919 2947 1053 3032 virginis
1072 2947 1189 3012 Mariae
1214 2954 1248 3011 et
1267 2945 1413 3010 omnium

308 3063 495 3120 sanctorum
517 3054 714 3137 angelorum,
733 3052 998 3136 patriarcharum,
1019 3051 1259 3134 prophetarum,
1288 3056 1413 3132 aposto-

308 3159 425 3235 lorum,
448 3162 638 3240 martyrum,
665 3155 894 3234 confessorum,
919 3162 952 3218 et
969 3153 1141 3238 virginum,
1166 3161 1205 3218 ut
1225 3174 1322 3218 nemo
1341 3173 1412 3216 suc·

307 3279 471 3324 cessorum
487 3279 634 3322 meorum
651 3279 711 3322 nec
725 3257 840 3341 aliquis
855 3258 1033 3338 hominum,
1051 3257 1173 3322 altioris
1189 3258 1238 3322 rel
1256 3256 1415 3321 inferioris

310 3362 438 3445 gradus,
464 3361 561 3424 aliam
589 3369 756 3443 captiuam
784 3361 862 3425 huic
890 3369 1085 3444 anteponere
1114 3383 1134 3424 a
1158 3361 1228 3444 ripa
1250 3383 1351 3445 usque
1374 3360 1416 3424 sd

308 3466 411 3548 ripam
439 3465 508 3527 ullo
536 3463 631 3528 modo
655 3471 837 3548 praesumat.
884 3464 981 3531 Quod
1010 3465 1037 3528 si
1064 3464 1146 3548 quis,
1176 3464 1334 3530 diabolico
1361 3465 1412 3528 in-

308 3569 446 3631 stinctus
466 3566 592 3650 spiritu,
613 3567 852 3651 presumpserit,
872 3568 1044 3632 anathema
1062 3567 1115 3646 sit,
1135 3575 1167 3632 et
1184 3567 1248 3631 nisi
1272 3567 1412 3632 satisfac-

309 3670 398 3733 tione
416 3669 467 3732 sui
486 3676 595 3733 reatus
614 3669 768 3733 cessando
785 3669 912 3732 reniam
932 3669 1119 3752 optinuerit,
1134 3669 1171 3733 in
1189 3669 1414 3734 maledictione

308 3771 442 3839 Domini
465 3771 648 3855 persistens,
679 3771 809 3836 eternis
834 3771 980 3835 barathri
1002 3772 1160 3836 incendiis
1183 3773 1317 3857 punitus
1343 3793 1413 3838 cru-

254 3885 259 3892 ’
306 3877 429 3955 cietur3
453 3875 585 3959 abyssos
604 3895 679 3938 vero
701 3874 867 3958 gurgitum
889 3883 965 3939 ante
987 3883 1154 3959 capturam
1175 3876 1297 3941 locatos
1319 3897 1414 3940 nemo

306 3980 430 4042 retibus
453 3977 581 4060 piscari,
605 3977 675 4040 sine
698 3976 831 4041 licentio
857 3977 1007 4062 episcopi,
1033 3977 1100 4042 sive
1123 3987 1290 4063 capturam
1313 3981 1414 4063 possi·

307 4081 422 4158 dentis,
438 4079 507 4142 ullo
523 4079 620 4142 modo
638 4078 765 4142 audeat.
811 4080 848 4142 Si
866 4079 938 4164 quis
959 4101 1035 4145 vero
1054 4080 1091 4144 in
1110 4080 1213 4145 tribus
1233 4081 1357 4165 abyssis
1374 4081 1415 4143 ad

306 4191 474 4268 capturam
502 4181 605 4265 ipsam
634 4181 871 4264 pertinentibus
900 4182 982 4246 retia
1015 4183 1168 4266 piscando
1201 4183 1335 4248 traxerit
1363 4183 1414 4248 vel

306 4285 467 4362 statuerit,
482 4283 563 4346 furti
574 4283 709 4348 crimine
723 4284 881 4348 obnoxius
897 4291 1055 4350 teneatur.

348 4385 493 4453 'l'ermini
506 4406 582 4448 vero
595 4384 693 4468 hujus
706 4387 815 4469 exigui
828 4386 955 4450 telluris
969 4387 1004 4450 bi
1020 4395 1114 4452 sunt:
