3234 5125
488 447 809 504 MISCELLANEOUS
828 447 1042 504 CHARTERS.
1265 453 1319 505 449

604 667 655 722 DE
673 666 924 722 RIBETFORDE.

256 814 363 878 Simili
383 813 495 878 modo¹
517 813 637 891 viliam,
653 835 725 897 quae
740 813 933 878 Ribbetford
948 814 1076 894 dicitur,
1099 817 1191 900 cujus
1205 816 1317 880 villani

211 917 404 1002 captatorias
419 939 509 1002 sepes
529 916 666 1001 piscium
681 925 715 981 et
730 917 808 981 adias
819 917 999 982 venatorias
1014 918 1193 982 instaurare
1207 918 1316 983 debita

211 1023 282 1104 lege
297 1021 466 1100 debebant,
482 1041 641 1104 operaque
659 1027 779 1099 uestra,
795 1020 980 1105 ubicunque
997 1021 1044 1084 eis
1058 1021 1315 1106 praecipiebatur,

212 1123 412 1202 exercebant,
424 1123 512 1207 prius
523 1123 619 1202 Dani,
632 1123 892 1211 post'ibirstanus
901 1123 1107 1188 Flaudreusis
1121 1126 1316 1190 monasterio

211 1226 244 1291 vi
263 1226 408 1305 abstulit,
423 1225 533 1309 sicque
556 1227 626 1310 ejus
651 1248 753 1310 usque
778 1248 867 1292 nunc
890 1228 1092 1292 dominatum
1106 1227 1315 1312 perdidimus,

210 1330 341 1414 ipseque
366 1350 432 1393 non
458 1329 562 1393 multo
585 1335 659 1412 post
683 1336 717 1393 et
736 1330 841 1413 ipsam
863 1337 896 1395 et
919 1351 1049 1394 omnem
1074 1337 1193 1395 terram
1222 1353 1315 1395 suam

212 1430 360 1516 perdidit,
375 1431 533 1514 exilioque
554 1431 710 1495 multatus
725 1444 785 1496 est.
833 1431 887 1496 Sic
907 1432 962 1516 qui
985 1455 1098 1516 parum
1113 1435 1184 1500 Deo
1194 1435 1315 1520 injuste

210 1534 356 1614 abstulit,
368 1534 478 1598 omnia
492 1555 550 1597 sua
560 1535 648 1618 juste
663 1534 815 1619 perdidit.

626 1915 679 1969 DE
699 1914 898 1970 WITLAEGE.

256 2061 377 2125 Villam
396 2062 504 2139 etiam,
521 2083 594 2144 quae
616 2061 735 2126 dicitur
749 2061 934 2146 Witlaehge,
956 2062 1079 2126 Aldred
1098 2063 1264 2147 episcopus
1281 2071 1314 2125 et

212 2166 403 2229 Wulstanus
427 2173 505 2231 tunc
526 2167 681 2252 temporis
701 2167 797 2250 prior,
814 2165 950 2230 obtentu
965 2166 1085 2246 Edrioi,
1101 2174 1315 2251 cognomento

212 2268 367 2347 Silvatici,
387 2268 563 2352 presbitero
586 2273 655 2352 ejus
670 2271 820 2334 Earnuio
842 2271 1073 2353 praestiterunt,
1093 2292 1189 2354 quam
1204 2281 1315 2354 postea

213 2361 378 2435 Ravrulfus¹
401 2373 441 2436 de
464 2373 643 2456 Bcorncgia
665 2374 696 2436 vi
722 2374 917 2438 monasterio
939 2380 973 2436 et
996 2374 1058 2437 sibi
1081 2374 1233 2452 abstulit3
1258 2375 1315 2438 sed

212 2495 309 2558 parvo
331 2483 402 2558 post
421 2497 487 2539 non
508 2476 611 2539 solum
626 2475 714 2539 iliam
737 2474 909 2538 sedetiam
930 2497 1060 2538 omnem
1080 2498 1172 2539 suam
1194 2486 1313 2541 terram

210 2579 357 2662 perdens,
373 2580 524 2643 carcerali
555 2578 700 2644 custodia
728 2580 886 2644 multatus
915 2586 975 2658 est,
999 2580 1071 2643 Deo
1094 2579 1156 2643 sibi
1182 2581 1313 2663 dignam

213 2682 369 2747 ultionem
383 2683 547 2747 reddente.

393 3060 446 3114 DE
464 3058 785 3115 GRIMMANHYLLE
802 3058 851 3113 ET
868 3056 1130 3113 EARESBYRIG.

257 3206 327 3269 Has
350 3207 499 3290 equidem
523 3206 625 3284 villas,
650 3204 891 3289 Grimmanhyll
914 3212 948 3268 et
967 3203 1161 3289 Earesbyrig
1186 3224 1311 3267 nuncu-

211 3316 312 3390 patas,
328 3310 528 3393 temporibus
543 3310 627 3393 regis
642 3308 814 3372 Eadwardi
834 3308 1029 3371 monasterio
1050 3306 1262 3392 subjacentes,
1282 3316 1315 3371 et

210 3432 268 3492 per
282 3411 464 3476 inedicibile
478 3413 632 3495 temporis
653 3412 804 3497 spatium,
816 3412 890 3495 jure
905 3420 938 3474 et
951 3410 1081 3495 propria
1094 3410 1314 3475 dominatione

211 3515 398 3579 monasterii
413 3514 541 3579 habitas
557 3524 590 3580 et
604 3537 774 3599 possessas,
790 3515 878 3577 Urso
892 3513 1069 3577 vicecomes
1083 3513 1210 3592 invasit,
1226 3522 1313 3597 post-

211 3639 309 3699 quam
324 3618 584 3683 vicecomitatum
601 3666 609 3682 .
628 3668 635 3683 .
654 3668 662 3682 .
679 3665 688 3682 .
703 3625 897 3701 susceperat.
943 3615 1065 3680 Extitit
1079 3616 1166 3679 enim
1180 3623 1260 3680 tunc
1275 3638 1314 3679 ex

211 3730 302 3805 parte
324 3724 513 3787 ambitiosus
533 3732 643 3806 captor
657 3731 815 3786 terrarum
833 3721 901 3785 fere
915 3719 1110 3802 ubicumque
1124 3719 1241 3802 potuit,
1258 3720 1314 3782 scd

212 3833 285 3909 post
306 3827 471 3890 modicum
494 3825 648 3909 temporis
668 3846 725 3908 per
740 3824 802 3889 Dei
821 3821 1083 3899 misericordiam,
1103 3822 1312 3905 semetipsum

208 3928 329 4012 justius
345 3929 581 4012 aliquantulum
596 3926 841 4010 optemperavit.
887 3924 949 3989 Cui
964 3924 1102 4006 denique
1116 3922 1201 3986 villas
1217 3945 1314 4005 supra

211 4032 387 4097 uominatae
407 4034 478 4114 (nec
500 4032 569 4093 sine
592 4030 693 4093 nimio
714 4028 842 4109 timore)
862 4048 1019 4092 concessae
1039 4025 1179 4102 fuerunt,
1195 4026 1236 4089 ab
1250 4025 1312 4104 his,

210 4134 368 4213 videlicet,
381 4136 437 4218 qui
450 4138 528 4197 tu'uc
539 4132 691 4215 temporis
705 4153 756 4195 res
772 4129 957 4194 monasterii
973 4127 1197 4211 gubernandas
1211 4128 1312 4191 habu·

211 4246 317 4301 erunt.
362 4236 450 4300 Nam
465 4236 530 4299 illis
545 4242 579 4299 et
594 4234 698 4299 valere
713 4242 746 4297 et
760 4254 886 4310 nocere,
903 4232 932 4295 si
945 4231 1051 4309 vellet,
1066 4230 1191 4313 potuit;
1215 4239 1313 4314 atque

210 4339 272 4403 hoc
287 4340 463 4423 plurimum
478 4339 541 4423 ipsi
556 4343 746 4415 metuentes,
758 4340 986 4403 concesserunt
986 4380 1100 4411 .....
1116 4324 1179 4415 qud
1193 4333 1234 4397 ab
1249 4332 1313 4396 illis

621 4446 630 4481 ¹
649 4446 701 4501 See
713 4462 756 4519 pp.
766 4445 828 4515 262,
842 4445 903 4500 act.

1068 4535 1089 4596 2
1105 4554 1125 4595 o
