3234 5125
310 375 361 429 luo
583 374 903 435 MISOELLANEOUS
922 371 1134 429 CHARTERS.

309 545 468 626 videlicet,
478 568 537 631 pro
545 547 690 630 ejusdem
702 546 830 611 telluris
838 544 987 609 libertate
997 565 1146 611 concesse
1157 548 1244 607 sunt.
1279 542 1414 606 Maneat

308 648 410 731 igitur
423 670 532 713 meum
547 649 609 713 hoc
623 648 779 713 inmobile
794 648 917 713 donum
931 656 1052 712 reterns
1065 647 1215 711 libertate
1235 643 1413 729 jocundum

309 772 384 814 cum
407 752 557 815 omnibus
587 774 659 835 quoe
687 751 750 815 rite
779 750 821 814 ad
845 750 999 835 predicta
1023 750 1095 815 loca
1119 749 1281 833 pertinere
1305 748 1412 811 dinos-

311 861 439 932 cuntur,
449 854 580 937 esmpis,
590 854 728 938 pascuis,
740 853 852 936 pratis,
865 860 999 937 excepto
1014 851 1179 917 communi
1189 850 1308 928 labore,
1318 871 1412 933 erpe-

311 955 442 1035 ditione,
458 957 567 1040 pontis
590 957 710 1020 arcisve
730 956 982 1021 commotione.
1029 955 1065 1018 Si
1080 954 1136 1038 qui
1149 954 1300 1037 denique,
1314 952 1413 1016 michi

311 1079 376 1121 non
402 1060 538 1142 optanti,
553 1060 638 1122 banc
659 1058 821 1122 libertatis
847 1066 980 1136 cartem,
1002 1058 1103 1121 livore
1126 1056 1280 1141 depressi,
1295 1056 1413 1119 violare

311 1162 497 1243 sategerint,
512 1161 694 1245 agminibus
716 1167 800 1225 tetre
815 1161 962 1244 caliginis
976 1160 1068 1244 lapsi,
1084 1180 1196 1225 vocem
1211 1159 1344 1223 audient
1358 1180 1413 1222 ex·

311 1262 517 1327 aminstionis
532 1264 585 1328 die
604 1264 734 1329 arbitris
755 1263 818 1329 sibi
838 1264 985 1342 dicentis,
999 1263 1195 1327 “Discedite
1209 1284 1229 1327 e
1243 1284 1295 1327 me
1314 1262 1411 1326 male-

311 1365 389 1429 dicti
399 1366 435 1429 in
448 1367 559 1450 ignem
569 1368 759 1447 aetemum,’'
771 1367 829 1432 ubi
840 1388 914 1431 cum
926 1367 1117 1431 demonibus
1124 1367 1235 1431 ferreis
1247 1366 1414 1449 sartagini·

311 1469 372 1534 bus
393 1470 517 1534 crudeli
533 1478 745 1553 torqueantur
758 1470 912 1554 inpurus,
929 1470 956 1534 si
978 1491 1045 1534 non
1067 1478 1143 1534 ente
1164 1476 1301 1535 mortem
1316 1470 1414 1553 digne

313 1572 375 1636 hoc
396 1572 636 1637 emendaverint
650 1574 852 1657 poenitentia.
900 1574 984 1638 Acta
998 1580 1048 1637 est
1061 1572 1131 1638 hec
1145 1572 1268 1657 prefate
1281 1572 1413 1637 donstio

313 1696 399 1747 anno
413 1675 594 1741 Dominicae
607 1675 838 1741 incarnationis
853 1696 1084 1754 succenseri,
1100 1676 1284 1741 Indictione
1297 1696 1328 1741 v.

365 1778 436 1861 Ilgo
461 1776 628 1842 Eadredus
652 1798 709 1843 rex
732 1777 915 1861 Anglorum
938 1779 1096 1862 prefatam
1119 1778 1325 1843 donationem
1354 1779 1413 1843 sub

314 1880 421 1963 sigillo
454 1888 574 1945 senctae
600 1880 704 1944 erucis
726 1880 997 1945 indeclinabiliter
1020 1882 1167 1947 consensi
1196 1890 1292 1967 etque
1319 1882 1413 1947 robo-

313 1984 391 2047 reri.
432 1984 504 2067 Ego
519 1981 678 2067 Esdgyiu,
694 1983 839 2067 ejusdem
852 1984 938 2068 regis
953 1992 1069 2063 meter,
1084 2004 1160 2049 cum
1173 1985 1280 2069 sim'llo
1294 1992 1413 2049 ssnmae

203 2162 207 2167 ,
314 2085 418 2150 crucis
435 2085 631 2151 confirmavi.
675 2086 748 2169 Ego
762 2086 844 2165 Ods,
860 2086 1117 2152 Doroberneusis
1140 2088 1290 2153 recclesiae
1312 2088 1414 2153 archi-

314 2187 490 2271 episcopus,
505 2186 651 2271 ejusdem
673 2188 759 2270 regis
782 2190 999 2273 principetum
1022 2198 1054 2255 et
1068 2191 1319 2257 benivolentiam
1340 2212 1414 2255 cum

314 2291 421 2374 sigillo
449 2297 569 2356 sanctae
596 2290 701 2354 crucis
731 2292 884 2356 conclusi.
940 2294 1012 2376 Ego
1035 2293 1239 2357 Wulfstsnus
1268 2294 1414 2372 erchons,

313 2394 430 2459 divinae
454 2394 619 2459 servitutis
640 2393 746 2459 officio
761 2395 974 2479 mancipatus,
990 2396 1144 2461 Eborscae
1158 2396 1298 2463 eivitstis
1312 2396 1415 2461 erchi-

314 2498 489 2583 episeopus,
516 2496 658 2582 sigillum
682 2504 802 2564 sanctu
831 2498 935 2564 crucis
964 2500 1121 2584 impressi.
1175 2500 1247 2584 Ego
1262 2498 1414 2587 peodred,

208 2623 212 2630 ·
315 2601 552 2667 Lundonieusis
574 2602 726 2667 ecclesie
754 2602 932 2687 episcopus,
959 2603 1111 2668 conclusi
1162 2605 1234 2688 Ego
1249 2604 1413 2684 AEll'heab,

312 2704 548 2769 Wintonieusis
569 2705 721 2770 oecclesiae
745 2706 924 2789 episcopus,
948 2707 1145 2772 testudinem
1168 2715 1288 2772 sanctae
1312 2707 1415 2772 crucis

313 2807 486 2892 subscripsi
497 2816 531 2872 et
540 2808 736 2873 confirmavi.
780 2809 853 2893 Ego
862 2810 1030 2874 Genuuald
1045 2810 1212 2895 episcopus
1225 2810 1414 2895 praedictum

314 2912 436 2976 donum
460 2911 618 2975 consensi.
671 2913 744 2994 Ego
758 2911 875 2976 AElfric
901 2912 1067 2996 episeopus
1092 2913 1286 2996 consignavi.
1344 2914 1415 2996 Ego

313 3013 470 3096 AE'oelgur
483 3013 650 3096 episcopus
665 3013 823 3077 roborari.
868 3015 940 3098 Ego
951 3015 1074 3079 AElfred
1086 3016 1252 3100 episcopus
1262 3015 1413 3080 conclusi.

312 3117 385 3200 Ego
398 3115 571 3180 AEcelstan
592 3115 668 3178 dux.
712 3117 784 3199 Ego
799 3116 917 3180 Eadric
940 3117 1015 3181 dux.
1060 3119 1132 3201 Ego
1146 3119 1318 3182 AEbelstan
1339 3119 1413 3184 dux.

314 3220 385 3302 Ego
408 3217 558 3299 wulfgar
581 3216 656 3280 dux.
716 3219 788 3301 Ego
802 3218 997 3305 AEPelmund
1020 3220 1095 3284 dur.
1149 3223 1222 3305 Ego
1245 3221 1415 3286 Eallrhelm

313 3321 389 3385 dux.
432 3319 657 3402 FgoAElfstau
669 3320 828 3385 minister.
874 3321 1128 3405 Egolladmund
1142 3324 1299 3389 minister.
1344 3327 1417 3408 Ego

314 3423 431 3487 Wllric
453 3422 611 3486 minister.
655 3425 728 3507 Ego
742 3423 856 3488 AElfric
878 3425 1037 3491 minister.
1081 3428 1153 3510 Ego
1167 3426 1305 3492 Wulfric
1319 3427 1415 3490 mini-

314 3533 390 3590 ster.
435 3526 507 3608 ugo
521 3524 657 3609 AElfsige
671 3526 829 3591 minister.
875 3529 947 3610 Ego
961 3528 1128 3593 AEuelnor
1142 3529 1298 3594 minister.
1344 3532 1416 3615 Ego

315 3627 439 3692 AElfred
465 3627 621 3692 minister.
681 3629 753 3711 Ego
778 3627 934 3694 AEuheah
962 3630 1120 3697 minister.
1179 3633 1250 3716 Ego
1270 3635 1415 3700 AE’dereii
