3234 5125
491 426 813 485 MISCELLANEOUS
832 430 1045 487 onicinus.
1170 383 1173 389 Ι
1269 433 1322 487 27⁰

216 597 307 661 tariae
332 596 555 682 ren[o]vando
581 601 748 679 commisi3
779 601 927 686 hancque
949 603 1107 687 privilegii
1128 604 1321 684 libertatem,

216 707 284 765 tam
308 699 369 764 sibi
387 722 484 784 quam
505 710 630 767 cunctae
652 704 748 767 simul
770 705 914 789 ejusdem
935 714 1055 771 sanctae
1076 706 1226 772 aecclesiae
1245 729 1322 772 con·

216 802 397 885 gregationi
411 825 470 887 pro
486 804 573 869 mille
588 805 775 889 quingentis
790 807 962 872 missarum
976 809 1162 889 sollemniis,
1178 831 1216 874 ac
1234 810 1323 875 mille

217 905 363 970 ducentis
392 907 616 989 psalteriorum
645 910 802 989 melodiis,
831 932 910 995 quas
938 920 1114 995 spontanea
1143 912 1321 992 devotione,

219 1028 276 1091 pro
305 1016 425 1074 aeterna
454 1010 569 1075 animae
593 1033 673 1076 meae
695 1012 916 1097 redemptione
942 1013 1203 1094 decantaverunt,
1227 1023 1321 1079 reter-

219 1110 334 1175 naliter
352 1112 567 1177 renovandam
587 1134 661 1177 cum
681 1124 791 1180 sancte
813 1116 917 1181 crucis
938 1116 1147 1200 impressione
1169 1120 1322 1197 concessi,

220 1213 371 1297 quatinus
382 1224 455 1299 post
464 1216 628 1281 decessum
641 1218 784 1300 ejusdem
793 1218 916 1303 prefati
925 1219 1051 1283 abbatis
1060 1220 1221 1303 Uulfgari,
1231 1222 1324 1305 cujus

218 1318 414 1402 temporibus
426 1319 494 1385 baec
502 1322 572 1405 ipsa
579 1321 736 1385 libertatis
745 1323 935 1388 restauratio
947 1323 1077 1388 Christo
1085 1324 1323 1409 sulf[rsg]ante

219 1442 370 1485 concessa
384 1430 443 1501 est,
459 1445 555 1507 quem
572 1424 634 1489 sibi
653 1426 803 1491 universa
817 1427 941 1510 praefati
962 1427 1100 1492 coenobii
1118 1429 1323 1513 congregatio

220 1530 295 1607 apto
323 1524 455 1608 elegerit
485 1526 628 1606 consilio,
655 1528 832 1593 secundum
857 1529 1017 1612 regularia
1044 1529 1129 1595 beati
1156 1531 1323 1595 Benedicti

219 1627 377 1707 instituta,
388 1628 536 1693 abbatem
547 1631 635 1714 juste
650 1630 784 1695 exodem
800 1631 976 1716 f[rat]rum
991 1654 1096 1697 cuneo
1110 1634 1232 1716 eligens
1246 1654 1323 1698 con-

221 1730 344 1794 stituat.

266 1834 374 1918 Hujus
399 1836 556 1919 privilegii
577 1836 709 1901 libertas
728 1837 878 1922 deinceps
899 1860 960 1901 usu
982 1846 1136 1922 perpetuo
1158 1860 1177 1903 a
1198 1840 1325 1903 cunctis

221 1944 369 2001 teneatur
404 1938 580 2017 catholicis,
614 1960 673 2003 nec
702 1947 928 2005 extraneorum
960 1940 1128 2025 quispiam,
1155 1942 1325 2026 tyrannica

221 2039 321 2103 frctus
336 2042 547 2121 contumacia,
563 2041 598 2103 in
613 2041 765 2125 predicto
780 2044 977 2107 monasterio
991 2045 1046 2127 jus
1063 2043 1218 2127 arripiens
1237 2065 1324 2108 exer·

222 2151 292 2205 ccat
313 2142 491 2226 potestatis,
510 2143 567 2207 sed
585 2144 730 2228 ejusdcm
748 2144 885 2210 coenobii
907 2146 1079 2229 collegium
1096 2155 1268 2230 perpetuae,
1287 2155 1325 2210 ut

221 2245 362 2327 predixi,
377 2245 534 2311 libertatis
556 2246 711 2329 glorietur
732 2247 908 2331 privilegio.
956 2250 1007 2312 Sit
1025 2257 1134 2314 autem
1155 2249 1325 2333 praefatum

221 2350 451 2413 monasterium
460 2351 549 2414 omni
557 2357 693 2414 terrcnae
703 2349 866 2415 servitutis
880 2350 988 2434 [jugo]
1003 2352 1115 2416 eodem
1126 2360 1238 2417 tenore
1246 2351 1326 2418 libe·

220 2472 303 2530 rum,
321 2473 384 2535 quo
398 2473 417 2515 a
431 2452 714 2536 praedecessoribus
729 2454 848 2517 nostris
863 2454 1040 2533 catholicis,
1053 2476 1073 2518 a
1084 2456 1205 2520 Sancto
1216 2456 1326 2520 Leone

221 2554 366 2620 videlicet
390 2579 472 2640 papa
491 2564 524 2620 et
542 2555 691 2620 Ooenulfo
711 2577 786 2640 rege
805 2555 972 2636 catholico,
991 2566 1118 2622 vetusto
1142 2557 1327 2623 continetur

220 2658 397 2742 privilegio,
414 2659 587 2725 Hrethuno
603 2659 719 2723 abbate
735 2659 911 2743 optinente,
927 2660 1083 2724 solutum.
1136 2661 1220 2743 Agri
1235 2662 1324 2743 eqni-

221 2761 294 2826 dem
305 2761 346 2826 ad
357 2784 434 2826 usus
446 2763 686 2841 monachorum,
699 2763 842 2826 Domino
856 2770 967 2826 nostro
979 2763 1085 2827 Jbesu
1095 2763 1226 2827 Christo
1241 2764 1326 2848 ejus·

222 2887 284 2948 que
292 2865 439 2948 genitrici
451 2867 567 2930 Mariae
577 2865 690 2949 priscis
705 2864 932 2948 modernisque
948 2865 1149 2949 temporibus
1164 2887 1184 2929 a
1197 2864 1327 2948 regibus

221 2970 253 3025 et
270 2964 424 3047 religiosis
441 2966 610 3048 utriusque
629 2985 724 3028 sexus
744 2964 940 3042 hominibus,
959 2969 992 3028 et
1010 2985 1030 3027 a
1049 2964 1172 3048 meipso
1190 2984 1327 3046 meoque

219 3067 304 3149 patri
317 3067 466 3151 Eadgaro
479 3089 564 3152 rege,
579 3067 740 3150 fratreque
758 3067 827 3150 ejus
843 3087 916 3130 meo
934 3074 1051 3150 patruo
1065 3086 1141 3149 rege
1160 3066 1325 3148 Eadwigo,

221 3189 394 3253 eorumque
418 3177 544 3254 patruo,
568 3170 699 3249 scilicet,
725 3169 886 3248 Eadredo,
912 3191 988 3252 rege
1014 3169 1212 3247 fidelissimo,
1234 3170 1326 3232 resti-

220 3271 340 3336 tuendo
360 3274 434 3356 jure
451 3273 593 3337 concessi
616 3281 704 3352 sunt,
722 3273 867 3357 ejusdem
887 3280 1053 3356 perpetuae
1071 3272 1137 3334 sint
1156 3271 1326 3336 libertatis.

219 3375 307 3440 Nem
332 3397 423 3458 reges
448 3376 572 3459 praefati
596 3399 650 3439 rus
674 3375 760 3459 quod
786 3374 972 3439 Abbandun
1001 3383 1217 3458 nuncupatur,
1241 3374 1327 3458 quod

219 3499 274 3542 rex
286 3479 483 3543 Ceadwealla
493 3479 636 3544 Domino
649 3487 760 3543 nostro
775 3479 910 3563 ejusque
925 3477 1075 3560 genitrici
1086 3478 1201 3542 Mariae
1215 3477 1328 3560 priscis

220 3581 417 3665 temporibus
438 3581 552 3645 devoto
578 3588 777 3646 concesserat
801 3582 921 3658 animo,
943 3581 1060 3663 inquo
1079 3580 1328 3664 praedecessores

219 3685 332 3762 nostri,
360 3683 516 3748 diabolica
541 3684 666 3767 decepti
696 3683 839 3761 avaritia,
864 3682 1026 3746 edificium
1056 3682 1118 3747 sibi
1146 3682 1253 3766 regale
1276 3684 1326 3745 in-

215 3787 304 3870 juste
322 3795 577 3866 construxerant,
598 3787 749 3851 aecclesiae
768 3786 832 3850 Dei
849 3785 1059 3849 restituentes
1078 3785 1327 3863 interdixerunt,

219 3898 257 3954 ut
282 3913 395 3974 regum
424 3911 519 3954 nemo
548 3890 628 3954 inibi
657 3897 783 3972 pastum
813 3887 1001 3970 requireret,
1023 3907 1084 3950 nec
1107 3887 1269 3951 edificium
1293 3887 1328 3950 in
1388 3946 1404 3976 ‚

220 3993 452 4077 sempiternum
476 3993 726 4075 construe[ret].
772 3991 869 4056 Quod
890 4011 949 4074 ego
969 3990 1125 4054 AEb'elred
1145 3989 1329 4072 Anglorum

219 4095 368 4174 basileus,
383 4097 577 4180 optimatum
595 4116 741 4159 meorum
757 4094 854 4178 us[us
874 4092 1039 4178 c]onsilio,
1054 4100 1121 4155 tam
1136 4092 1217 4156 meis
1232 4113 1329 4175 quam

218 4220 364 4262 meorum
379 4220 599 4264 successorum
614 4197 825 4280 temporibus,
841 4198 941 4260 lixum
961 4196 996 4258 in
1016 4195 1148 4258 nomine
1162 4195 1280 4273 Patris,
1296 4202 1330 4259 et

219 4301 304 4379 Filii,
320 4310 353 4366 et
370 4302 509 4385 Spiritus
529 4301 653 4378 Sancti,
669 4300 739 4364 fieri
754 4300 786 4364 in
803 4307 963 4363 aeternum
977 4297 1128 4381 precipio.
1173 4298 1331 4381 Tempore

219 4404 376 4487 siquidem
395 4426 459 4487 quo
481 4425 556 4469 rura
580 4425 652 4486 quae
675 4403 818 4468 Domino
841 4401 957 4466 devoto
980 4421 1037 4484 per
1057 4399 1118 4462 boc
1140 4400 1331 4464 modernum
