3234 5125
487 449 808 507 MISOELLANEOUS
827 453 1041 511 CHARTERS.
1280 457 1317 509 59

258 624 298 702 ›1‹
314 622 502 705 Cuoenburg
516 624 595 685 abba
608 625 678 687 sub.

257 725 297 804 *1⁴
315 723 473 807 Seleburg
487 725 558 789 abb.
574 724 771 810 subscripsit.
787 798 793 807 ,

257 828 297 907 *1⁴
314 825 446 892 Ouered
461 829 508 910 p'r'.
524 826 722 911 subscripsit.

936 1039 1010 1048 ¹—---·

211 1202 213 1207 ·
298 1176 395 1232 ms
414 1168 606 1234 CENWULF
624 1178 672 1233 OF
689 1180 848 1236 MERCIA.
886 1182 973 1237 NOV.
992 1185 1053 1237 Dru
1070 1182 1228 1240 Decem.

256 1326 296 1405 ›1‹
313 1324 482 1406 Regnante
506 1324 648 1389 Domino
671 1334 784 1389 nostro
810 1326 845 1390 in
863 1348 968 1391 aevum
985 1349 1042 1412 per
1059 1330 1167 1394 secula
1187 1339 1312 1397 cunam.

210 1428 309 1489 Anno
332 1448 406 1491 vero
426 1427 655 1491 incarnationis
678 1428 823 1511 ejusdem
841 1430 1017 1495 Salvatoris
1037 1431 1160 1510 mundi,
1180 1433 1313 1497 Domini

208 1530 313 1607 nostri
331 1530 434 1594 Jhesu
454 1530 576 1595 Christi
595 1532 937 1597 nccc.x1.Indictione
957 1542 1067 1598 autem
1087 1556 1168 1612 1111,
1186 1535 1313 1620 imperii

210 1654 285 1698 vero
299 1635 401 1699 nostri
416 1656 434 1698 a
449 1635 519 1697 Deo
534 1634 602 1698 dati
620 1656 706 1698 anno
721 1656 799 1715 xva,
816 1636 868 1701 die
885 1657 960 1701 vero
974 1658 1006 1699 v.
1021 1637 1095 1701 idus
1109 1638 1312 1703 Novembris.

209 1737 302 1801 'hmo
330 1758 390 1821 ego
419 1736 594 1801 coenulfus
624 1757 680 1801 rex
708 1738 909 1803 Marciorum
933 1739 995 1804 boc
1018 1741 1217 1824 opusculum,
1242 1743 1313 1807 Deo

209 1840 385 1905 auxiliante
399 1847 496 1922 atque
512 1840 640 1903 serente
656 1840 692 1903 in
710 1840 920 1923 plenitudiue,
936 1842 1100 1925 provincia
1112 1844 1313 1908 Wictionum

208 1942 368 2019 inchoavi,
383 1942 506 2005 famoso
523 1942 557 2004 in
575 1942 647 2006 loco
665 1963 761 2025 quem
779 1943 902 2007 solicoli
919 1944 1054 2028 antiquo
1072 1946 1204 2011 nomine
1218 1947 1312 2010 Win-

209 2044 407 2109 celcumbam
431 2044 590 2127 appellare
613 2052 776 2109 suescunt.
821 2045 999 2110 Ecclesiam
1022 2069 1094 2130 quae
1119 2048 1217 2113 modo
1241 2049 1312 2132 pnl-

210 2146 369 2210 cherrima
386 2146 541 2225 clarescit,
560 2154 700 2211 scemate
713 2148 784 2230 jam
802 2170 919 2233 nempe
936 2158 1107 2233 preparata
1122 2151 1250 2230 enituit,
1265 2152 1312 2216 ibi

209 2248 397 2313 Wulfredua
411 2270 538 2333 quoque
552 2248 659 2332 presul
674 2250 869 2329 Cantuariae,
885 2252 919 2315 in
936 2252 1059 2317 honore
1073 2254 1095 2317 J
1096 2254 1177 2319 besu
1191 2255 1312 2319 Christi

210 2351 345 2417 Domini
364 2351 466 2415 nostri
484 2349 650 2435 beataeque
669 2352 786 2417 Mariae
803 2354 970 2436 genitricis
984 2355 1058 2435 Dei,
1074 2378 1146 2440 quae
1161 2379 1220 2421 suo
1234 2379 1310 2422 con-

210 2454 287 2517 tulit
306 2453 428 2537 granno
445 2474 554 2537 regem
575 2476 671 2538 quem
695 2455 765 2519 caeli
789 2470 902 2540 capere
921 2464 1070 2543 terraque
1089 2460 1310 2543 nequiverant,

209 2556 367 2622 dedicavit
376 2583 386 2634 3
409 2557 454 2621 ibi
478 2578 605 2641 quoque
623 2580 730 2622 meum
749 2558 784 2622 in
806 2559 949 2624 Domino
966 2582 1080 2646 corpus
1102 2585 1236 2646 pausare
1255 2565 1311 2630 de·

209 2661 304 2725 crevi.
349 2660 550 2744 complacuit
580 2667 689 2725 autam
718 2661 799 2724 mibi
829 2661 983 2740 Kenulfo,
1011 2672 1049 2727 ut
1077 2665 1118 2728 ad
1147 2686 1310 2729 eonsecra-

210 2765 333 2829 tionem
347 2771 422 2828 ante
436 2763 610 2828 nominatae
625 2765 776 2830 aecclesia
793 2765 958 2830 universos
972 2768 1177 2833 accercissem
1192 2769 1311 2834 Merci-

210 2888 303 2933 ornm
320 2867 502 2950 optimates,
525 2865 699 2950 episcopos,
720 2867 890 2950 principes,
912 2869 1056 2949 comites,
1080 2881 1311 2953 procuratores,

209 2991 359 3054 meosque
377 2968 582 3054 propinquos,
601 2991 728 3034 necnon
745 2976 778 3034 et
795 2971 999 3035 Cutbredum
1015 2993 1124 3056 regem
1142 2975 1311 3040 Cantuari·

208 3095 312 3152 orum,
337 3080 433 3156 atque
457 3072 629 3156 Sigredum
658 3093 768 3156 regem
796 3073 1014 3140 Orientalium
1037 3077 1212 3156 Saxonum,
1236 3099 1311 3142 oum
1366 3153 1371 3162 Ι

208 3175 358 3241 omnibns
376 3175 433 3259 qui
451 3181 550 3240 testes
567 3175 686 3239 nostris
703 3175 901 3241 sinodalibus
923 3177 1145 3244 concilialibus
1167 3178 1310 3246 aderant.

210 3281 317 3347 Quam
326 3299 400 3343 vero
414 3278 579 3342 basilicam
594 3278 635 3341 ad
649 3277 778 3343 laudem
792 3286 827 3342 et
842 3279 882 3342 ad
897 3279 1053 3345 honorem
1065 3281 1199 3346 Domini
1209 3283 1312 3347 nostri

209 3383 230 3446 J
231 3383 312 3446 besu
326 3380 458 3459 Christi,
475 3387 508 3444 et
521 3401 580 3464 pro
596 3400 704 3444 amore
718 3381 840 3464 reginae
854 3381 1001 3461 caelestis,
1016 3391 1113 3466 atque
1132 3384 1312 3469 expiatione

209 3485 408 3568 piaculorum
434 3503 591 3561 meorum,
613 3483 778 3562 aedifieavi,
801 3504 870 3547 non
890 3483 988 3548 modo
1010 3485 1050 3549 ad
1074 3486 1311 3551 roborationem

208 3587 396 3652 hereditatis
420 3607 503 3663 mee,
529 3593 626 3668 atque
649 3585 690 3648 ad
713 3584 939 3650 solidationem
964 3587 1130 3671 apostolici
1152 3589 1312 3673 privilegii

208 3686 295 3773 qnod
316 3688 397 3752 mibi
420 3687 587 3771 apostolici
599 3687 779 3770 pontifices
798 3708 874 3752 cum
898 3689 1090 3754 auctoritate
1112 3690 1199 3754 beati
1222 3691 1311 3755 Petri

208 3791 359 3875 principis
374 3790 601 3875 apostolorum,
612 3789 809 3853 direxerunt.
849 3791 922 3873 Ego
935 3791 1056 3855 etenim
1067 3783 1237 3871 Kenulfus,
1247 3793 1311 3857 Dei

207 3894 361 3958 arridenti
384 3893 488 3977 gratia
503 3913 559 3956 rex
583 3891 792 3971 Marciorum,
814 3891 855 3955 ad
877 3893 1054 3975 gratiarum
1074 3895 1235 3959 actionem
1253 3915 1313 3978 pro

208 3996 376 4062 devotione
392 3995 522 4077 illomm
538 3993 594 4077 qui
611 3993 693 4058 mibi
710 4001 744 4058 et
761 4015 832 4060 mee
849 3993 1021 4060 hereditati
1037 3995 1186 4061 benivola
1201 4004 1311 4062 mente

206 4121 281 4163 cum
303 4098 494 4163 auctoritate
517 4095 735 4180 apostolorum
757 4096 980 4176 affirmatione,
1002 4106 1099 4182 atque
1120 4107 1311 4163 cunctorum

206 4200 398 4266 sinodalium
412 4207 598 4264 nostrorum
612 4199 905 4263 reconciliationem
917 4200 1052 4265 firmiter
1061 4201 1310 4268 roboraverunt:

201 4307 271 4388 jam
287 4311 396 4368 autem
411 4324 469 4387 pro
484 4302 729 4366 confirmatione
744 4323 824 4366 mear
838 4300 1037 4381 hereditatis,
1049 4325 1147 4388 quam
1161 4303 1312 4370 dominus

205 4407 272 4472 Leo
297 4429 380 4490 papa
402 4405 525 4490 primus
549 4404 728 4470 affirmabat
751 4427 826 4468 cum
850 4428 909 4470 suo
933 4405 1118 4490 privilegi03
1149 4416 1182 4471 et
1201 4415 1312 4493 postea
