3234 5125
285 407 338 460 414
497 475 500 483 .
561 403 882 460 MISCELLANEOUS
904 403 1118 460 CHARTERS.

286 579 374 642 tibus
399 577 641 655 monachorum,
661 577 717 660 qui
736 576 782 641 ibi
802 577 874 640 Deo
895 577 1049 654 serviunt,
1064 577 1100 639 in
1122 575 1197 639 sede
1219 572 1391 658 episcopali

287 679 529 745 deserviendum
544 678 628 744 dedi.
665 679 773 763 Hujus
785 679 968 744 donationis
983 679 1160 762 legitimam
1175 678 1390 763 sponsionem,

289 782 423 847 oonsilio
446 781 481 846 'et
505 782 690 847 testimonio
714 802 861 845 meorum
885 781 1044 846 bonorum
1066 781 1236 845 hominum
1255 791 1289 844 et
1310 779 1390 843 ami·

289 906 401 950 corum
423 883 567 948 fidelium
582 884 779 962 confirmavi,
794 883 930 948 offerens
945 884 1025 948 illud
1040 907 1136 968 super
1149 885 1249 948 altam
1265 884 1392 947 Sancta

290 988 425 1066 Mariae,
441 986 493 1050 die
503 986 683 1050 nativitatis
698 985 798 1070 ipsius
814 995 934 1050 sanctie
949 996 982 1051 et
996 987 1197 1051 intemeratae
1211 985 1344 1069 virginis
1357 990 1391 1047 et

291 1091 353 1156 Dei
377 1089 554 1173 genitricis,
574 1109 659 1152 anno
678 1088 858 1153 Dominicae
877 1089 1109 1153 incarnationis
1129 1087 1391 1171 rr.xcr11.,regni

291 1201 399 1258 autem
429 1193 512 1275 regis
535 1190 692 1254 Willelmi
718 1191 859 1275 junioris
884 1212 927 1271 v.,
952 1192 1174 1256 Ordinationis
1197 1213 1278 1257 meae
1304 1211 1391 1254 mr.

291 1319 386 1374 anne,
402 1294 514 1360 eodem
529 1293 582 1359 die
597 1294 767 1377 completo,
784 1293 968 1358 Indictione
984 1317 1028 1373 1.;
1051 1294 1234 1359 desiderans
1253 1304 1286 1357 et
1301 1293 1392 1378 adju-

291 1423 377 1479 rans,
403 1407 441 1464 ut
469 1398 539 1462 haec
568 1397 726 1480 possessio
755 1405 787 1461 et
811 1398 1014 1462 confirmatio
1038 1399 1131 1462 firma
1155 1405 1188 1461 et
1212 1396 1336 1462 stabilis
1358 1396 1393 1458 in

292 1512 459 1580 aetemum,
476 1499 516 1564 ad
530 1522 608 1563 usus
622 1499 856 1564 monachorum
875 1499 910 1562 in
926 1500 1147 1583 Unigornensi
1166 1500 1308 1564 aecclesia
1322 1500 1393 1563 Deo

292 1604 499 1670 servientium
511 1610 706 1686 permaneat,
723 1601 897 1686 prohibens
914 1603 1091 1686 pontificali
1113 1610 1224 1668 nostra
1237 1610 1271 1667 et
1286 1602 1394 1665 divina
1430 1611 1436 1618 '

293 1707 493 1785 auctoritate,
518 1727 559 1768 ne
583 1705 655 1789 quis
679 1704 741 1768 hoc
766 1704 885 1769 violare
908 1713 1080 1788 presumat.
1141 1706 1178 1770 Si
1206 1705 1278 1788 quis
1308 1725 1393 1782 vero,

294 1810 459 1876 diabolicis
483 1807 667 1892 cupiditatis
690 1807 855 1886 instinctu,
879 1807 947 1870 hoc
962 1808 1137 1892 infringere
1156 1807 1392 1893 presumpserit,

294 1912 525 1978 exterminatus
540 1910 580 1974 ab
594 1917 714 1976 aetema
729 1910 846 1974 caelesti
862 1909 1050 1990 hereditate,
1060 1933 1190 1976 consors
1203 1912 1307 1974 factrus
1321 1931 1393 1993 pro·

294 2016 408 2080 ditonis
423 2014 527 2092 Judae,
543 2013 605 2077 nisi
627 2013 662 2076 in
683 2013 735 2078 via
757 2013 985 2078 satisfactionis
1004 2014 1146 2093 redierit,
1167 2015 1395 2099 perpetualiter

295 2118 454 2183 crucietur
469 2115 651 2180 exitialibus
666 2115 804 2178 flammis
820 2115 998 2196 Gehennae,
1018 2118 1306 2182 anathematizatus
1320 2139 1395 2183 cum

296 2221 418 2306 angelis
434 2221 572 2296 Satanae,
588 2219 657 2282 sine
673 2220 736 2283 fine
751 2219 892 2283 luiturus
910 2242 1020 2304 poenas
1033 2222 1281 2306 presumptionis
1295 2243 1361 2286 sue.
1411 2222 1415 2226 ’

225 2363 229 2372 -
341 2325 450 2408 Hujus
464 2319 646 2385 donationis
661 2329 694 2385 et
709 2322 961 2386 confirmationis
975 2331 1075 2387 testes
1090 2323 1123 2387 bi
1138 2334 1233 2388 sunt:

339 2426 479 2490 Thomas
495 2425 592 2508 prior,
608 2445 683 2488 cum
697 2423 849 2487 fiatribus
865 2424 1101 2507 Uuigornensis
1115 2425 1275 2490 aecclesiae.
1321 2487 1325 2492 .

339 2526 468 2592 Alricus
495 2523 747 2590 archidiaconus.
810 2525 966 2590 Ordricus
1002 2525 1134 2611 dapifer.
1194 2528 1397 2593 Fretbericus

167 2677 170 2685 .
296 2631 489 2715 capellanus.
528 2628 687 2693 Alfwinus
703 2628 788 2692 filins
801 2629 996 2692 Berhtmari.
1041 2629 1217 2694 Alfuuinus
1230 2629 1395 2714 presbiter.

296 2736 425 2799 Alricus
462 2732 668 2797 camerarius.
747 2731 920 2796 Aldredus.
987 2732 1143 2797 Alstanm
1178 2734 1395 2798 cnncstabula

296 2836 475 2903 Mauricius
491 2836 690 2901 heaumnns
705 2833 814 2900 clerici
828 2834 977 2919 episcopi.

314 3212 665 3269 EXCOMMUNIOATIO
687 3214 843 3271 GUNGTA
860 3216 1107 3272 SUPRADIGTA
1125 3217 1385 3275 CONOLUDENS.

341 3361 468 3424 Cuncta
490 3381 628 3445 namque
654 3361 814 3440 mortalia,
830 3364 919 3427 velut
942 3365 1059 3428 umbra
1074 3366 1190 3444 tenum,
1210 3366 1309 3430 veloci
1334 3368 1399 3430 fine

297 3462 460 3541 recedunt,
476 3462 611 3546 ideoque
627 3485 696 3546 quae
715 3464 751 3526 in
773 3464 868 3529 laude
883 3466 946 3530 Dci
968 3476 1135 3550 genmtur,
1150 3490 1278 3532 necesse
1297 3476 1346 3533 est
1359 3479 1399 3532 ut

297 3564 479 3629 litterarum
509 3566 602 3630 seriei
631 3568 907 3632 commendentur.
954 3570 1158 3655 Quapropter
1182 3594 1243 3656 ego
1266 3572 1397 3657 supplex

298 3666 478 3747 Wlstanus,
500 3668 597 3753 hujus
622 3670 726 3733 sancti
751 3671 856 3735 locelli
882 3679 991 3761 custos
1014 3681 1047 3737 et
1067 3674 1184 3758 presul,
1209 3675 1400 3739 elemosinas

298 3778 467 3850 terrarum,
483 3794 502 3835 a
516 3773 717 3837 Christicolis
738 3774 801 3838 huc
819 3774 961 3854 collatas,
976 3776 1013 3837 in
1032 3798 1134 3839 unum
1152 3786 1400 3859 coaugmentare

298 3874 370 3952 leci,
395 3895 436 3939 ne
460 3896 479 3937 a
501 3875 744 3940 suceedentibus
774 3878 928 3942 oblivioni
956 3878 1135 3958 tradantur,
1166 3881 1296 3959 veritus,
1324 3880 1401 3964 quia

299 3973 441 4037 hnmana
466 3974 632 4057 cupiditas,
656 3996 757 4057 prona
774 3976 809 4038 in
832 3978 963 4056 malum,
980 3978 1052 4061 plns
1072 4001 1111 4043 ea
1132 4000 1204 4063 quae
1225 3978 1348 4058 mundi,
1365 3980 1401 4042 in

299 4076 441 4160 maligno
456 4076 562 4159 positi,
573 4099 671 4159 quam
687 4099 758 4161 quse
773 4078 834 4141 Dei
849 4088 924 4141 sunt
939 4081 1152 4164 amplectitur.
1199 4083 1296 4146 Hanc
1312 4082 1401 4166 cupi·

299 4178 445 4257 ditatam,
457 4186 495 4243 ut
504 4186 655 4257 stercora,
671 4179 817 4259 reiciens,
830 4190 963 4245 cunctos
972 4184 1079 4247 Deum
1089 4185 1233 4250 obtestor
1246 4193 1399 4262 amantes,

299 4303 363 4365 quo
387 4282 485 4359 nulla,
508 4283 578 4345 Deo
600 4282 738 4361 favente,
766 4283 901 4347 anobis
923 4286 1105 4369 conjuncta,
1130 4287 1242 4371 iniquo
1271 4288 1402 4352 turbare

299 4384 439 4449 audeant
454 4386 631 4451 conamine.
678 4387 713 4450 Si
736 4395 845 4452 autem
868 4390 949 4473 quis,
965 4391 1124 4456 diabolica
1144 4392 1317 4475 instigatus
1332 4414 1400 4455 ma-
