3234 5125
303 396 339 451 40
580 394 900 463 MISCELLANEOUS
919 394 1132 451 CHARTERS.

305 576 338 635 et
360 567 563 632 subditorum
585 568 738 651 ipsorum,
762 568 796 631 in
819 588 946 631 summo
961 566 1025 631 Dei
1048 566 1180 631 nomine
1193 565 1410 650 precipimus,

305 680 423 756 preter
436 672 487 734 his
501 671 720 755 vectigalibus,
736 671 798 736 hoc
812 680 872 751 est,

306 780 370 861 pies
384 774 504 858 guioles
519 783 561 839 set
571 773 758 859 Westbyrig
772 782 838 837 tus
875 774 926 837 for
939 773 996 838 the
1011 781 1086 838 rent
1104 782 1139 837 st
1153 771 1331 854 Westbnry
1344 777 1411 833 tvo

306 885 432 941 tunnsn
460 878 538 941 folle
561 877 686 942 hlutres
708 878 837 959 slo'6·]
875 884 953 939 tuns
975 875 1037 939 full
1059 875 1097 939 of
1116 876 1202 941 clear
1226 874 1287 953 ule,
1306 872 1371 937 end
1391 895 1412 935 u

307 978 404 1045 cumb
412 980 501 1045 sulm
515 980 598 1045 lices
607 980 695 1044 slo’6·
712 980 840 1062 pcumb
875 978 991 1045 coomb
1007 978 1068 1043 full
1089 978 1126 1043 of
1140 978 1220 1043 miid
1235 977 1297 1057 ule,
1312 975 1377 1040 und
1391 998 1412 1039 s

307 1083 397 1146 fuine
429 1082 583 1155 Welisees
615 1083 703 1147 uloii·
732 1103 751 1164 ]
776 1104 838 1146 vn.
876 1082 991 1149 coomb
1008 1081 1121 1148 fullos
1139 1080 1253 1147 Welsh
1270 1080 1330 1159 ule,
1346 1078 1411 1143 und

307 1183 471 1267 hriiiruq
496 1186 542 1249 six
565 1188 720 1250 seueras·
745 1206 764 1267 ]
789 1206 840 1250 xn.
876 1208 938 1251 vn.
968 1207 1062 1265 oxen,
1089 1185 1154 1250 und
1181 1184 1232 1248 six
1261 1182 1409 1261 vethers,

306 1308 394 1373 cysa·
412 1288 687 1374 ]v1.lsngpcro·
708 1309 727 1371 ]
744 1289 842 1374 pritig
876 1289 940 1354 und
955 1310 1007 1353 xs.
1019 1287 1233 1367 choeses,snd
1247 1308 1295 1350 v1.
1313 1286 1410 1367 ‘lang

307 1390 420 1455 umbra
456 1413 531 1455 rues
569 1412 695 1456 comes·
723 1392 842 1456 feower
876 1394 983 1480 peno’,
1007 1390 1071 1455 und
1094 1390 1198 1475 thirty
1227 1388 1355 1453 smbers
1377 1387 1417 1451 of

308 1494 423 1559 ambru
437 1495 595 1573 meolwes
877 1493 1117 1581 ryeoorn,four
1131 1490 1409 1569 smbcrsofmeul‚

291 1594 348 1659 'ud
365 1596 506 1679 regalem
524 1597 670 1683 vicum¹.]
721 1599 795 1663 Hoc
817 1598 927 1683 itsque
949 1620 1025 1663 cum
1046 1618 1204 1663 consensu
1225 1603 1259 1660 et
1275 1593 1411 1660 consilio

308 1700 496 1782 pontificum
518 1707 552 1764 et
572 1708 757 1765 senatorum
780 1724 928 1765 meorum
952 1700 1047 1765 firmo
1068 1698 1188 1766 indere
1210 1698 1412 1782 dejudiesve·

309 1808 396 1865 runt.
427 1802 529 1865 anls
542 1802 659 1886 regulis
673 1803 722 1867 vel
738 1800 923 1888 principalis
937 1811 994 1868 sut
1008 1802 1116 1886 ulique
1130 1801 1290 1867 saecuisris
1304 1799 1412 1883 digni·

308 1911 359 1967 tus
373 1904 413 1968 de
429 1912 540 1969 nostra
550 1904 728 1970 hereffitste
743 1907 815 1989 plus
824 1907 875 1970 his
889 1907 924 1971 in
934 1906 1063 1971 modico
1071 1906 1122 1970 vel
1136 1906 1172 1968 in
1182 1926 1300 1987 magno
1315 1925 1412 1987 uppe-

308 2005 417 2084 tendo,
434 2028 491 2091 per
509 2006 574 2070 vim
595 2014 651 2071 sut
675 2008 867 2091 petitionem
884 2008 1007 2093 aliquid
1028 2008 1174 2093 exigerit,
1195 2007 1331 2092 [ubsque
1348 2006 1411 2070 hoc

309 2117 438 2173 tuntum
453 2110 1110 2196 quodhuecproesenscurtulscontineff]
1146 2111 1409 2175 Hisnnttestes:

354 2214 394 2293 »Β
410 2212 480 2295 Ego
494 2212 567 2276 Offu
581 2212 686 2296 gratis
703 2214 766 2278 Dei
790 2234 847 2278 rex
864 2214 926 2278 hoc
942 2214 1012 2297 regi
1027 2214 1162 2298 singuiis
1180 2213 1274 2277 unnis
1290 2219 1412 2275 statum

310 2361 420 2379 .....
432 2336 563 2378 censum
577 2336 692 2379 munus
705 2336 796 2379 mese
811 2315 949 2399 propriu
964 2316 1057 2399 signo
1072 2316 1238 2380 confirmo.
1284 2317 1325 2396 ›1‹
1340 2315 1413 2397 Ego

308 2416 449 2500 Eegssru
464 2417 607 2501 ejusdem
622 2419 708 2501 regis
722 2418 807 2483 filins
824 2418 976 2483 'consensi
999 2426 1033 2483 et
1054 2418 1238 2503 subscripsi.
1284 2420 1324 2499 ›1‹
1339 2418 1412 2500 Ego

309 2520 503 2608 AEpelhesrd
533 2521 789 2607 archiepiscopus
819 2522 967 2587 consensi
991 2529 1025 2587 et
1048 2520 1232 2606 subscripsi.
1279 2523 1319 2603 ᾖ
1337 2522 1411 2605 Ego

310 2623 483 2689 Hea'Sored
499 2625 666 2708 episcopus
681 2626 828 2689 consensi
843 2633 877 2688 et
891 2625 1074 2710 subscripsi.
1110 2628 1151 2707 ›1‹
1166 2626 1238 2708 Ego
1247 2625 1414 2689 Unuuons

307 2727 475 2812 episcopus
497 2729 644 2793 consensi
667 2736 701 2792 et
723 2727 906 2812 subscripsi.
953 2731 993 2810 ›1‹
1012 2729 1150 2812 Signum
1172 2727 1332 2793 Brordsni
1353 2750 1411 2810 ps·

306 2829 403 2896 trieii.
450 2832 491 2911 ›1‹
508 2831 646 2913 Signum
666 2832 825 2895 Beonnan
840 2830 975 2895 ubbutis.
1021 2833 1061 2912 ›1‹
1078 2830 1217 2914 Signum
1230 2829 1413 2894 Alhmundi

306 2933 442 2999 obbatis.
489 2935 529 3014 ›1‹
547 2934 685 3016 Signum
700 2933 891 3018 Wigmundi
915 2933 1050 3000 abbatis.
1097 2936 1137 3015 ›1‹
1155 2933 1293 3018 Signum
1308 2933 1411 2997 Foru

308 3035 377 3100 redi
407 3033 542 3099 sbbutis.
614 3038 654 3117 ›1‹
673 3035 809 3118 Signum
840 3038 957 3121 Bynns
986 3037 1149 3121 principis.
1213 3039 1254 3118 ›1‹
1273 3036 1411 3119 Signum

307 3138 395 3201 Esne
424 3136 524 3199 ducis.
590 3140 630 3218 ’Β
648 3138 785 3220 Signum
809 3139 1006 3224 AEpelmund
1035 3140 1137 3204 ducis.
1216 3143 1256 3221 ᾧ
1274 3139 1413 3222 Signum

309 3237 477 3303 Alhmund
495 3237 596 3304 ducis.
647 3243 687 3322 ›1‹
707 3241 845 3324 Signum
862 3243 1033 3325 Wigberht
1056 3242 1158 3307 ducis.
1213 3245 1254 3324 ›1‹
1274 3241 1413 3326 Signum

310 3343 467 3426 Wigcgan
497 3341 597 3407 ducis.
665 3346 706 3425 ›1‹
724 3345 862 3429 Signum
885 3344 1013 3430 Eudgur
1036 3345 1137 3411 ducis.
1213 3349 1253 3427 ’Β
1273 3346 1413 3429 Signum

309 3445 476 3512 Alhmuud
492 3445 593 3512 ducis.

455 3792 704 3851 AROHBISHOP
722 3795 1010 3852 AETIOELHEARD.
1047 3796 1264 3854 nooxcvm.

352 3936 392 4014 ›1‹
410 3932 578 4016 Regnsnte
602 3934 842 4018 imperpetuum
857 3936 929 4000 Deo
952 3943 986 4000 et
1010 3935 1152 4000 Domino
1175 3943 1287 4001 nostro
1310 3935 1416 4000 Jhcsu

307 4033 447 4099 Christo.
500 4036 571 4119 Ego
595 4036 824 4116 AEiielhsrdus
853 4038 944 4120 larga
968 4038 1200 4122 omnipotentis
1224 4039 1286 4102 Dei
1310 4039 1418 4121 gratis

307 4145 480 4216 aunuente,
497 4137 755 4203 Dorobernensis
778 4140 912 4205 ecclesie
934 4141 1222 4226 metropolitsnns3
1245 4163 1320 4206 cnm
1342 4164 1416 4225 pre·

306 4240 505 4304 stantissimo
523 4261 599 4324 rege
617 4250 729 4307 nostro
746 4243 895 4322 Cenulfo,
911 4265 1090 4309 convocans
1106 4244 1272 4310 universos
1287 4245 1415 4329 provin-

360 4398 560 4470 ¹Wuntingin
573 4399 632 4454 MS.
647 4401 725 4455 Nero.
1025 4403 1267 4476 ²Suppliedfrom
1279 4403 1360 4458 Nero.
