3234 5125
310 422 344 475 18
585 418 907 475 MISOELLANEOUS
927 410 1142 473 CHARTERS.

309 590 454 676 pontifex
480 612 625 655 summus
651 588 840 674 angelorum
859 588 1013 671 obsequio
1039 587 1101 651 sibi
1123 608 1161 650 ac
1180 592 1334 669 perpetue
1350 585 1414 648 vir-

310 694 379 777 gini
395 693 512 772 Marie,
532 692 627 759 beato
649 692 765 771 David,
784 691 897 755 miultis
920 699 954 754 et
971 689 1126 753 inauditis
1146 687 1321 765 miraculis,
1336 687 1414 750 olim

312 818 346 861 se
366 796 580 863 sanctificasse
599 795 753 873 innotuit,
770 815 808 858 ex
827 794 891 857 hiis
906 814 978 877 quae
991 801 1126 876 paterna
1142 790 1321 855 hereditate
1341 810 1414 873 pos-

312 899 411 979 sideo,
427 908 460 965 el
477 899 512 962 in
528 898 707 963 dominium
722 898 881 981 peculiare
895 905 1001 974 teneo,
1017 895 1096 959 locis
1114 894 1276 959 continuis
1291 901 1324 956 et
1338 913 1413 955 con-

312 1002 502 1086 gruentibus
526 1000 677 1079 concedo,
701 1000 742 1065 ad
764 1000 1024 1083 supplementum
1046 999 1121 1063 vitae
1141 996 1298 1081 regularis
1319 1005 1353 1059 et
1374 995 1414 1058 ad

313 1126 409 1169 usum
433 1104 682 1169 monachorum:
713 1104 835 1167 Brente
863 1102 973 1167 decem
1003 1100 1105 1180 hidas,
1134 1104 1229 1185 Sowy
1246 1099 1415 1163 duodecim

313 1205 414 1286 hidas,
442 1208 584 1272 Poulton
609 1206 725 1291 viginti
747 1205 851 1284 hidas,
881 1205 1036 1291 [Dulting
1055 1205 1172 1289 viginti
1197 1202 1316 1287 hidas]
1340 1202 1428 1267 Ble.

312 1309 425 1375 deneie
439 1331 538 1375 unam
553 1308 674 1388 hidam,
690 1330 765 1375 oum
787 1309 938 1373 omnibus
955 1308 1018 1371 hiis
1038 1329 1101 1391 que
1120 1316 1335 1371 antecessores
1351 1306 1416 1369 mei

313 1412 418 1477 eidem
432 1411 564 1477 ecclesie
579 1412 806 1477 contulerimt:
832 1411 1088 1489 Kenewalchius,
1103 1411 1170 1494 qui,
1186 1418 1298 1474 sancto
1311 1408 1414 1473 'Pheo-

314 1513 393 1578 doro
433 1513 668 1598 archiepiscopo
707 1513 952 1592 interveniente,
990 1513 1219 1596 Ferlingmere,
1257 1512 1416 1595 Beolrery,

315 1614 473 1693 Godenei,
488 1615 708 1694 Martineseie,
724 1616 938 1693 Edredeseie3
963 1616 1156 1680 Kentwinus
1170 1635 1236 1694 rex,
1252 1614 1308 1700 qui
1322 1614 1416 1677 Glas-

316 1716 437 1800 tingeie
458 1724 596 1781 matrem
617 1725 800 1782 sanctorum
822 1738 935 1781 vocare
960 1718 1075 1781 solitus
1094 1716 1209 1795 fuerat,
1231 1725 1265 1781 et
1286 1738 1357 1780 eam
1376 1716 1417 1779 ab

315 1820 406 1885 omni
428 1820 563 1885 seculari
587 1826 620 1884 et
644 1809 861 1885 ecclesiastico
875 1819 1028 1903 obsequio
1050 1820 1228 1883 immunem
1243 1820 1367 1897 statuit,
1384 1828 1418 1883 et

315 1921 400 1987 bano
414 1922 572 2006 privilegii
588 1922 779 2005 dignitatem
803 1922 971 2001 concessit,
986 1930 1024 1986 nt
1038 1921 1178 1985 habeant
1194 1921 1310 1985 fratres
1332 1922 1416 2005 ejus-

315 2022 389 2090 dem
414 2024 477 2089 loci
503 2032 696 2108 potestatem
719 2024 865 2107 elegendi
889 2033 923 2089 et
940 2024 1157 2088 constituendi
1176 2024 1238 2088 sibi
1260 2032 1417 2088 rectorem

313 2126 409 2211 juxte
423 2126 569 2209 regulam
586 2126 696 2191 Sancti
717 2126 905 2191 Benedicti:
931 2126 1048 2190 Hedde
1065 2126 1231 2210 episcopus
1250 2127 1316 2209 qui,
1335 2127 1418 2191 Ced-

315 2228 408 2292 walle
422 2235 594 2308 annuente,
611 2236 644 2293 et
664 2230 792 2314 propria
809 2251 919 2308 manu,
935 2230 1011 2294 licet
1025 2251 1180 2313 paganus,
1196 2231 1416 2307 confirmante,

316 2330 491 2409 Lantocai3
523 2330 671 2409 Baldred,
697 2331 752 2414 qui
774 2332 933 2410 Pennard,
956 2354 1011 2395 ser
1028 2332 1121 2396 hidas
1131 2358 1142 2411 3
1171 2330 1338 2410 Athelard,
1362 2334 1417 2416 qui

316 2432 444 2511 Poholt,
461 2433 627 2517 sexaginta
647 2433 749 2512 hidas,
771 2455 824 2498 me
842 2440 1006 2498 annuente
1029 2444 1062 2499 et
1083 2435 1303 2513 confirmante,
1322 2434 1417 2500 dede-

314 2542 403 2602 nmt.
448 2536 595 2603 Quorum
610 2557 671 2621 ego
685 2535 853 2602 devocioni
876 2544 909 2601 et
930 2536 1081 2620 benignae
1098 2536 1250 2621 peticioni
1264 2538 1418 2618 assencio,

314 2646 348 2704 et
359 2647 472 2704 eontra
485 2640 736 2724 malignancium
751 2639 921 2704 hominum
932 2647 965 2703 et
976 2639 1211 2704 oblatrancium
1226 2661 1353 2704 coenum
1367 2643 1417 2704 in:

314 2741 420 2822 sidias,
432 2743 590 2828 regalium
600 2742 782 2806 munimine
791 2742 925 2825 invigilo
935 2741 1113 2821 literamm,
1127 2743 1279 2826 quatinus
1288 2743 1419 2808 ecclesia

314 2847 448 2911 Domini
478 2847 581 2913 nostri
612 2846 716 2910 Jhesu
745 2845 882 2924 Christi,
909 2855 942 2909 et
971 2853 1125 2929 perpetue
1144 2846 1278 2930 virginis
1301 2847 1418 2925 Marie,

314 2948 399 3020 sieut
424 2947 460 3010 in
482 2968 582 3030 regno
605 2947 776 3012 Britannie
798 2955 847 3012 est
869 2948 983 3031 prima,
999 2954 1033 3012 et
1054 2948 1126 3012 fons
1148 2956 1182 3012 et
1203 2948 1294 3031 origo
1314 2950 1418 3013 tocius

313 3047 489 3132 religionis,
501 3049 549 3113 ita
557 3057 591 3114 et
599 3049 670 3132 ipsa
680 3049 974 3132 supereminentem
988 3051 1148 3134 privilegii
1156 3051 1302 3115 obtineat
1313 3051 1417 3134 digni-

314 3158 426 3229 tatem,
441 3169 502 3214 nec
521 3151 581 3215 ulli
603 3152 737 3216 omnino
751 3152 876 3216 homini
894 3153 1046 3217 ancillare
1064 3152 1255 3237 obsequium
1268 3154 1366 3218 faciat
1383 3155 1418 3218 in

315 3251 420 3330 terris,
431 3271 494 3334 que
508 3271 604 3334 super
614 3251 728 3316 choros
739 3252 926 3336 angelorum
935 3254 1122 3319 dominatur
1136 3254 1172 3318 in
1182 3254 1268 3319 celis.
1299 3255 1417 3337 Igitur,

315 3375 443 3418 summo
461 3353 613 3438 pontifice
633 3355 792 3438 Gregorio
812 3350 986 3434 annuente,
1007 3364 1041 3421 et
1063 3363 1101 3420 ut
1124 3364 1261 3422 matrem
1283 3357 1419 3421 Domini

316 3456 367 3520 sui
392 3457 428 3520 in
453 3456 561 3521 sinum
583 3465 616 3522 et
637 3459 875 3541 proteeeionem
897 3466 1007 3525 sancte
1031 3461 1178 3524 Romane
1202 3461 1343 3539 ecclesie,
1367 3483 1419 3526 me

314 3559 391 3636 licet
415 3559 586 3642 indignum
607 3581 682 3625 cum
704 3560 774 3645 ipsa
793 3561 997 3645 suscipiente,
1021 3561 1299 3627 consencientibus
1320 3564 1419 3627 etiam

314 3662 466 3727 omnibus
480 3662 649 3727 Britannie
662 3663 801 3748 regibus,
818 3665 1073 3749 archiepiscopis,
1089 3665 1256 3750 episcopis,
1272 3665 1417 3744 ducibus,

315 3773 413 3850 atque
430 3764 610 3845 abbatibus,
626 3773 734 3832 statuo
756 3788 817 3852 ego
836 3776 933 3851 atque
952 3769 1118 3848 confirmo,
1136 3769 1289 3852 quatinus
1308 3789 1419 3833 omnes

314 3877 410 3947 terre,
423 3876 456 3932 et
469 3869 550 3947 loca,
561 3877 594 3934 et
608 3869 823 3953 possessiones
834 3869 928 3935 beate
943 3870 1049 3935 Marie
1063 3872 1208 3936 Glssteie
1222 3873 1288 3936 sint
1299 3872 1418 3955 quieta,

314 3980 349 4037 et
368 3971 408 4036 ab
428 3971 579 4036 omnibus
592 3972 690 4056 regiis
707 3973 931 4037 exaccionibus
948 3981 982 4037 et
1001 3974 1153 4058 operibus
1170 3996 1233 4059 que
1250 3974 1350 4040 indici
1367 3995 1418 4038 so·

313 4077 393 4154 lent,
409 4075 558 4140 videlicet
569 4075 785 4159 expedicione,
802 4077 911 4159 ponti‘s
922 4077 1047 4146 ,arcisve
1062 4078 1314 4157 construeeicne,
1329 4085 1363 4142 et
1377 4077 1419 4142 ab

314 4179 403 4242 omni
410 4177 498 4262 [bus]
534 4176 846 4262 archiepiscoporum
879 4186 913 4243 et
936 4179 1170 4264 ¹episcoporum
1204 4182 1418 4266 promulgaci-

315 4281 431 4345 onibus
445 4290 479 4345 et
494 4281 804 4365 perturbacionibus,
820 4281 904 4346 sicut
919 4282 953 4345 in
969 4284 1112 4367 antiquis
1127 4285 1271 4369 ejusdem
1286 4287 1419 4350 ecclesie

315 4383 411 4446 sartis
437 4390 545 4447 ratum
564 4403 633 4446 esse
657 4383 831 4462 invenitur,
846 4393 880 4448 et
901 4405 921 4448 a
939 4385 1216 4469 predecessoribus
1239 4388 1331 4468 meis,
1350 4389 1417 4452 Ke-
