3234 5125
481 392 802 449 MISOELLANEOUS
822 392 1036 448 CIIARTERS.
1259 394 1311 449 257

207 583 343 627 munere
358 564 534 646 quodlibet,
547 585 619 628 eam
633 563 711 629 dare
724 573 908 649 praesumat.
954 567 1028 631 Hoc
1039 588 1166 651 qpoque
1181 564 1311 650 provido

208 665 467 731 consideracione
480 666 687 751 superaddidi
708 674 743 731 et
756 667 915 747 mandavi,
931 674 969 731 ut
983 668 1092 733 nullus
1107 669 1246 733 filiorum
1260 668 1311 731 vel

207 778 362 851 nepotum
385 792 542 850 meorum,
557 791 618 834 nec
640 769 755 854 aliquis
777 791 998 835 successorum
1014 793 1160 836 meorum
1180 772 1221 835 ad
1238 791 1310 855 pre·

206 869 331 935 dictum
353 872 438 937 sedis
461 872 649 957 episcopalis
673 872 854 953 cenobium,
879 874 1012 939 clericos
1036 896 1180 958 unquam
1209 875 1309 938 intro·

207 973 306 1040 ducat
313 1002 324 1054 3
344 976 401 1041 sed
414 977 524 1042 electis
538 976 659 1042 eisdem
674 977 839 1043 monachis
850 979 981 1044 Christo
995 978 1115 1044 ibidem
1126 980 1198 1044 Deo
1212 979 1309 1043 servi-

205 1078 334 1142 entibus
358 1078 540 1163 deputetnr,
564 1080 648 1143 sicut
673 1101 733 1162 ego
755 1080 835 1163 ipse,
859 1089 1049 1165 cooperante
1078 1082 1309 1166 omnipotentis

208 1180 270 1243 Dei
299 1181 428 1262 auxilio,
453 1182 618 1261 constitui,
647 1181 776 1266 quando
803 1184 957 1267 superbos
987 1183 1128 1264 clericos,
1156 1184 1212 1268 qui
1237 1185 1309 1249 Deo

207 1284 325 1348 servire
349 1292 623 1369 contempserunt,
647 1307 706 1369 pro
728 1285 875 1349 nefandis
906 1287 973 1350 suis
996 1286 1120 1351 actibus
1146 1295 1180 1351 et
1203 1286 1307 1351 detes·

207 1387 315 1451 tandia
338 1388 475 1452 servitiis
497 1388 573 1453 inde
591 1388 774 1453 eliminatos
787 1388 906 1471 expuli,
921 1388 1029 1474 ibique
1043 1410 1166 1453 sacram
1181 1389 1309 1454 cenobi-

206 1498 315 1553 tarum
338 1490 635 1573 congregacionem,
656 1490 713 1574 qui
737 1490 773 1553 in
796 1490 926 1575 hymnis
950 1500 984 1555 et
1003 1491 1152 1556 laudibus
1166 1492 1309 1556 Domino

207 1592 387 1658 voluntarie
401 1594 569 1673 servirent,
584 1594 785 1677 congregavi.
820 1593 1013 1677 Quicmque
1027 1593 1111 1657 hanc
1125 1594 1307 1659 libertatem

208 1696 369 1761 custodire
382 1697 529 1774 voluerit,
544 1696 705 1761 custodiat
718 1717 793 1759 eum
807 1696 898 1760 Dens
920 1704 953 1760 et
974 1696 1027 1761 hic
1048 1703 1082 1760 et
1096 1696 1131 1759 in
1145 1717 1258 1773 evum,
1281 1696 1310 1759 si

209 1800 280 1883 quis
300 1808 409 1864 autem
435 1798 593 1863 diabolica
614 1797 820 1881 suggestione
843 1797 1001 1881 deceptus.
1018 1797 1101 1862 hanc
1125 1798 1309 1863 libertatem

207 1902 353 1966 minuere
381 1901 431 1967 vel
462 1900 637 1985 infringere
670 1900 909 1984 presumpserit,
944 1900 1075 1965 veniant
1106 1922 1203 1985 super
1233 1923 1308 1965 eum

208 2005 353 2068 omnium
367 2003 630 2068 maledictionum
644 2024 839 2086 generaque
854 2003 973 2087 scripta
983 2010 1060 2068 sunt
1071 2003 1105 2068 in
1116 2004 1212 2068 Novo
1226 2012 1259 2069 et
1274 2004 1309 2068 in

208 2107 321 2171 Veteri
336 2107 553 2184 Testamenta,
565 2106 672 2188 sitque
686 2106 790 2171 celum
805 2106 945 2170 ferreum
960 2128 1055 2191 super
1069 2116 1165 2191 caput
1180 2108 1260 2192 ejus,
1276 2116 1309 2171 et

207 2210 304 2273 tellus
326 2209 449 2274 ahenea
462 2208 523 2272 sub
536 2208 671 2292 pedibus
685 2210 766 2293 ejus,
781 2216 815 2273 et
831 2209 873 2272 sit
887 2209 956 2293 ipse
976 2217 1088 2276 eterno
1105 2212 1309 2276 anathemate

207 2321 372 2397 separatus
381 2314 480 2377 aDeo
490 2320 523 2377 et
532 2312 682 2376 omnibus
696 2312 815 2376 sanctis
830 2314 899 2396 ejus
914 2320 947 2377 et
958 2313 1131 2397 apostolica
1141 2313 1310 2378 beatorum

209 2416 298 2480 Petri
312 2423 346 2480 et
360 2415 453 2480 Pauli
471 2414 667 2479 authoritate
683 2400 803 2498 ligatus
820 2415 864 2479 sit
878 2414 1033 2500 quamdiu
1046 2416 1171 2496 vixerit,
1187 2424 1221 2481 et
1235 2426 1309 2501 post

207 2519 415 2585 maledictum
429 2518 555 2584 obitum
569 2540 676 2598 suum,
691 2517 923 2601 gehennalibus
938 2518 1076 2583 flammis
1091 2540 1165 2583 cum
1180 2518 1308 2586 diabolo

207 2629 241 2686 et
255 2623 377 2705 angelis
398 2622 466 2686 suis
482 2621 553 2687 sine
573 2622 638 2685 fine
659 2620 832 2685 damnatus
849 2627 883 2684 et
897 2621 1058 2685 cruciatus
1079 2621 1228 2700 intereat,
1243 2623 1308 2686 nisi

207 2725 295 2808 prins
324 2723 551 2802 emendaverit,
581 2722 669 2807 quod
697 2723 805 2786 Deum
834 2721 1090 2805 omnipotentem
1122 2730 1156 2788 et
1179 2731 1307 2789 sanctos

206 2828 366 2912 apostolos
380 2829 450 2912 ejus
464 2848 523 2911 pro
537 2825 620 2890 nihil
633 2845 760 2909 sperare
774 2845 842 2890 non
856 2823 977 2890 timuit.

614 3291 711 3346 KING
728 3291 897 3346 EADGAR.

250 3443 334 3507 Cum
349 3461 447 3505 sacroe
461 3439 662 3504 auctoritatis
677 3438 824 3504 doctrina
834 3461 894 3504 nos
906 3439 1044 3504 veridica
1058 3440 1170 3506 scdulo
1184 3463 1305 3506 ammo·

206 3553 281 3607 neat
307 3543 518 3620 exortatione,
542 3549 667 3606 utnon
691 3542 795 3606 solum
822 3541 933 3606 activae
956 3542 1136 3607 visibilibus
1158 3544 1307 3628 religiose

206 3647 432 3725 conversando,
442 3646 625 3730 sanctisque
639 3645 832 3731 proficiendo
842 3645 1016 3710 virtutibus
1031 3648 1207 3713 carismatis
1223 3648 1307 3714 dono

204 3751 325 3834 perfusi
346 3748 570 3814 decentissime
585 3748 796 3832 perfruamur,
812 3748 1035 3812 verumetiam
1051 3750 1307 3834 contemplativae

205 3853 380 3917 invisibilia
403 3853 479 3916 vitre
509 3858 580 3916 toto
608 3850 727 3914 mentis
759 3850 929 3914 conamine
961 3852 1080 3934 partim
1108 3873 1128 3915 a
1159 3851 1305 3916 recidivis

205 3956 321 4020 semoti
343 3954 574 4032 libentissimoe,
591 3975 665 4017 cum
688 3973 769 4038 puro
795 3952 1034 4036 tranquilloque
1057 3953 1157 4016 animi
1182 3953 1305 4019 intuitu

205 4059 450 4143 contemplando
476 4057 716 4141 amplectemur,
737 4055 867 4120 dicens:
893 4056 1049 4120 “Cuncta
1069 4076 1141 4138 qnae
1156 4054 1306 4120 videntur

205 4161 395 4246 temporalia
413 4168 501 4238 sunt,
520 4181 592 4244 quse
615 4165 723 4223 autem
742 4179 809 4222 non
826 4141 977 4221 videntur
999 4158 1151 4220 aeterna.''
1201 4157 1305 4241 [Qua-

204 4263 349 4349 propter]
376 4285 436 4346 ego
455 4262 592 4345 Eadgar,
609 4260 731 4326 Christi
750 4266 913 4324 annuente
933 4259 1112 4338 clementia,
1129 4260 1232 4324 tocius
1247 4262 1305 4325 Al-

204 4367 310 4430 bionis
341 4365 490 4442 basileus,
515 4363 566 4428 his
597 4363 744 4428 recidivis
767 4361 917 4446 practicae
941 4363 1015 4425 vitae
1044 4363 1306 4445 possessiunculis

1118 4487 1133 4529 s
