3234 5125
282 409 337 463 aas
433 404 435 407 ·
557 410 879 468 mscmnarvnous
898 410 1113 468 CHARTERS.
1191 388 1203 411 ⁶

283 600 344 663 ego
358 580 542 645 renovando
555 582 736 647 humillime
749 582 936 649 restauravi.
982 582 1049 649 Qui
1069 590 1179 646 autem
1193 581 1277 646 bane
1291 580 1388 645 liber-

282 683 359 746 tatis
374 682 590 767 dapsilitatem
605 706 722 768 augere
736 686 882 764 voluerit,
898 693 1014 769 augeat
1029 684 1190 749 Dominus
1204 684 1274 767 ejus
1288 684 1389 747 vitam

283 792 317 849 et
339 787 584 869 prosperitatem
607 787 660 851 hic
683 787 775 851 etin
798 808 913 866 evum3
938 787 965 850 si
987 788 1058 869 quis
1081 795 1191 850 autem
1210 807 1386 871 praesump-

283 898 407 968 tuosus,
422 890 549 955 diabolo
572 891 758 974 instigante,
773 891 859 954 hane
880 890 1061 954 libertatem
1080 890 1267 973 infringere,
1281 889 1388 953 minu-

283 1013 385 1072 ereve,
410 993 460 1056 vel
484 993 520 1056 in
545 992 632 1056 aliud
656 1014 755 1076 quam
786 992 1014 1057 constituimus
1043 992 1217 1055 transferre
1240 992 1387 1071 voluerit,

283 1095 454 1159 anathema
476 1096 529 1173 sit,
548 1102 582 1159 et
600 1096 637 1159 in
658 1095 781 1160 Christi
803 1094 1029 1159 maledictione
1051 1116 1243 1179 permanens
1268 1102 1388 1160 aeterno

283 1196 427 1261 barathri
449 1197 608 1277 incendio,
624 1218 699 1261 cum
717 1196 801 1261 luda
817 1196 939 1262 Christi
963 1197 1125 1281 proditore
1150 1199 1283 1281 ejusque
1300 1219 1386 1263 com-

283 1299 420 1383 plicibus
442 1300 642 1364 miserrimus
663 1300 827 1383 puniatur,
843 1299 871 1363 si
891 1320 957 1363 non
979 1320 1054 1363 cum
1076 1300 1293 1365 satisfactione
1312 1309 1387 1364 aute

284 1402 409 1466 obitum
424 1402 641 1467 emendaverit
653 1401 738 1485 quod
753 1410 867 1465 contra
880 1410 1029 1467 nostrum
1045 1402 1179 1486 deliquit
1190 1402 1365 1467 decretum.

328 1504 427 1567 Dedit
442 1512 550 1567 autem
564 1503 772 1568 Abelvoldus
785 1503 1023 1569 wintoniensis
1041 1504 1192 1569 aeoclesiae
1211 1504 1386 1587 episeopus,

284 1626 342 1690 pro
367 1605 465 1689 hujus
494 1605 653 1670 libertatis
680 1605 932 1689 recuperatione,
959 1606 1029 1689 regi
1051 1606 1208 1688 Eadgaro,
1232 1605 1386 1669 ducentas

284 1708 355 1772 auri
377 1730 555 1786 mancusas,
580 1710 713 1792 ejusque
738 1707 870 1794 conjugi
892 1707 1060 1795 AElsprype
1086 1708 1329 1792 quinquaginta,
1353 1714 1386 1771 et

284 1810 446 1894 quoddam
464 1832 521 1874 vas
543 1819 732 1894 argenteum
750 1798 893 1894 quinque
914 1810 1012 1875 libras
1030 1810 1223 1896 appendens.
1269 1809 1386 1874 Priscis

284 1912 396 1997 utique
417 1913 624 1996 temporibus,
646 1933 705 1997 pro
727 1912 788 1977 hac
806 1912 916 1977 eadem
940 1913 1098 1992 libertate,
1114 1913 1188 1977 date
1210 1920 1286 1976 suut
1300 1913 1385 1977 Ead-

285 2014 391 2079 wardo
405 2016 473 2098 regi
487 2016 653 2099 sexaginta
663 2023 757 2079 terroe
772 2036 904 2094 mensae,
918 2024 1071 2099 quattuor
1080 2016 1114 2079 iu
1128 2016 1207 2081 locis
1218 2016 1385 2100 dirempte,

217 2199 224 2207 ι
285 2138 315 2180 x.
340 2117 488 2181 videlicet
507 2126 551 2182 aet
574 2118 835 2196 Cravancumbe,
862 2126 895 2181 et
918 2140 949 2182 x.
976 2126 1020 2183 aet
1043 2118 1239 2197 Gumbtune‚
1265 2140 1317 2182 xx.
1343 2130 1386 2182 aet

287 2219 546 2284 Scealdeburnan
560 2228 659 2299 stoce,
677 2228 711 2284 et
730 2240 781 2283 xx.
798 2228 842 2283 ret
857 2220 1076 2305 Bananvvylle.
1124 2222 1198 2285 Hoc
1221 2220 1308 2285 idem
1331 2242 1386 2285 rus

284 2321 441 2387 Eadvvard
459 2323 600 2405 prefatus
618 2343 675 2385 rex
689 2322 778 2385 dedit
792 2322 921 2385 famulis
936 2322 1179 2406 famulabusque
1195 2323 1328 2387 Domini
1342 2343 1386 2386 on

284 2424 407 2489 Ceodre
444 2424 644 2507 degentibus,
673 2446 732 2509 pro
760 2410 1013 2489 commutatione
1040 2424 1126 2489 illius
1159 2424 1283 2489 telluris
1313 2448 1385 2509 qure

284 2527 444 2592 Oarintun
467 2528 663 2592 nominatur.
707 2529 792 2592 Acta
811 2540 860 2591 est
878 2534 987 2591 autem
1008 2526 1107 2611 hujus
1128 2527 1287 2593 libertatis
1309 2535 1386 2592 nota

248 2642 251 2649 '
282 2630 456 2709 renovatio,
471 2630 596 2694 Pascali
617 2630 865 2713 sollempnitate,
881 2629 955 2694 sede
972 2630 1073 2713 regali
1094 2637 1137 2694 aet
1151 2631 1284 2709 Ceodre,
1301 2651 1386 2694 anno

283 2733 463 2797 Dominicae
486 2732 717 2796 incarnationis
741 2733 1020 2811 ncccc.r.xxv111.¹,
1046 2733 1171 2796 decimo
1196 2753 1272 2796 vero
1301 2753 1386 2796 anno

282 2836 351 2919 ejus
375 2835 491 2918 regalis
513 2835 650 2918 imperii.
698 2835 761 2898 His
784 2834 922 2900 testibus
948 2835 1223 2900 consentientibus
1247 2855 1385 2919 quorum

281 2936 415 3000 inferius
427 2932 562 3000 nomina
575 2937 749 3000 ordinatim
764 2945 982 3000 carraxantur.

325 3039 396 3120 Ego
410 3038 539 3121 lladgar
553 3039 734 3121 Anglorum
748 3038 885 3102 lrasileus
907 3039 968 3103 hoo
985 3039 1199 3125 privilegium,
1214 3039 1249 3103 in
1264 3040 1385 3104 honore

281 3140 452 3203 reverende
474 3140 644 3204 Trinitatis
672 3150 769 3224 atque
796 3141 1078 3205 consubstantialis
1102 3142 1257 3221 Unitatis,
1282 3143 1385 3206 crucia

281 3240 374 3323 signo
397 3239 601 3305 devotissime
624 3243 820 3306 confirmavi.
866 3243 937 3326 Ego
958 3243 1110 3308 Dunstan
1131 3244 1385 3327 archiepiscopus

281 3342 478 3407 confirmavi.
542 3344 614 3426 Ego
642 3345 776 3428 Oscytel
809 3331 1066 3428 archiepiscopus
1099 3347 1256 3409 consensi.
1315 3346 1385 3428 Ego

156 3455 160 3462 ’
281 3443 628 3528 Adclvvoldepiscopus
638 3446 851 3510 corroboravi.
897 3447 1297 3532 EgoAElfstanepiscopus
1308 3468 1385 3510 con-

280 3546 424 3610 solidavi.
477 3548 549 3629 Ego
569 3548 738 3632 Byrbtelm
761 3548 928 3632 episcopus
954 3549 1109 3614 consensi.
1165 3550 1236 3632 llgo
1255 3548 1385 3614 Osvold

281 3649 447 3732 episcopus
470 3650 681 3714 corroboravi.
736 3652 808 3733 Ego
830 3650 967 3713 Alfvvold
991 3652 1158 3735 episcopus
1177 3650 1383 3716 consolidavi.

281 3754 353 3835 Ego
368 3751 466 3816 Osulf
475 3751 642 3835 episcopus
660 3751 817 3816 consensi.
863 3753 934 3834 Ego
950 3753 1106 3835 Wynsige
1129 3753 1296 3837 episcopus
1315 3772 1384 3816 cor-

280 3853 437 3918 roboravi.
481 3854 553 3936 Ego
573 3853 721 3941 AElt'pryp
743 3853 865 3936 regina.
921 3855 992 3936 Ego
1006 3855 1161 3940 AEbestan
1185 3853 1259 3919 dux.
1314 3855 1385 3937 Ego

280 3956 427 4019 AElsbere
450 3954 524 4018 dux.
578 3957 650 4038 Ego
665 3955 820 4019 AElfheah
834 3955 909 4019 dux.
954 3957 1026 4039 Ego
1041 3957 1169 4040 Ordgar
1184 3957 1259 4022 dux.
1314 3957 1385 4039 Ego

279 4058 455 4145 AEpelvvine
474 4057 549 4121 dux.
594 4059 666 4140 Ego
681 4059 854 4141 Byrhtnolt
874 4057 950 4121 dux.
996 4061 1068 4143 Ego
1082 4061 1179 4124 Oslac
1193 4061 1269 4123 dux.
1314 4059 1385 4142 Ego

278 4160 403 4226 Eadulf
419 4159 495 4223 dux.
548 4161 621 4243 Ego
636 4159 753 4224 AElfric
776 4159 884 4224 abbas.
938 4163 1010 4244 Ego
1031 4164 1136 4244 Osgar
1161 4162 1270 4227 abbas.
1312 4162 1384 4244 Ego

278 4263 420 4326 AElfstan
447 4261 554 4327 abbas.
601 4263 673 4345 Ego
691 4261 830 4346 AEscvvig
856 4263 962 4327 abbas.
1017 4266 1088 4347 Ego
1104 4265 1256 4350 AEpelgar
1273 4265 1382 4329 abbas.

515 4381 523 4410 ¹
541 4378 587 4432 An
598 4395 671 4432 error
683 4378 726 4433 lor
736 4378 799 4433 968.-
835 4379 943 4452 Eadgar
954 4379 1017 4435 died
1029 4380 1058 4434 in
1070 4381 1132 4436 975.
