3234 5125
283 459 337 512 310
559 457 884 513 MISOELLANEOUS
902 457 1117 514 CHARTERS.

190 650 193 657 ’
282 629 423 695 indoluit
451 632 555 715 perire
584 631 699 695 tandiu
727 630 871 695 nobilem
902 636 1084 695 creaturam
1117 629 1168 691 aui
1197 628 1371 711 imaginem
1382 654 1393 705 ς

283 734 435 798 misertus
457 742 507 799 est
527 735 638 819 generi
657 735 811 813 humano,
830 732 922 797 misit
940 731 1035 798 nobis
1054 731 1090 795 in
1106 738 1261 815 tempore,
1277 730 1311 793 id
1331 738 1394 808 est,

285 845 357 922 post
384 838 525 922 quinque
554 838 656 903 millia
686 858 855 916 annorum,
885 836 1053 921 proprium
1085 835 1190 899 filium
1219 856 1326 912 suum,
1355 842 1394 897 ut

284 940 443 1005 mundum
458 941 618 1024 perditum
640 941 758 1004 iterum
774 947 943 1004 renovaret
951 965 962 1018 3
984 946 1023 1003 ut
1042 938 1126 1003 sicut
1142 938 1261 1002 mulier
1280 937 1394 1019 genuit

285 1050 423 1106 mortem
443 1043 477 1106 in
498 1043 629 1123 mundo,
649 1043 698 1107 ita
714 1064 772 1126 per
788 1042 958 1106 mulierem
976 1042 1071 1105 enixa
1089 1049 1139 1105 est
1158 1041 1252 1106 nobis
1274 1042 1341 1103 vita
1358 1040 1394 1104 in

284 1144 426 1224 mundo,
450 1154 482 1209 et
497 1146 581 1210 sicut
595 1167 653 1230 per
667 1145 823 1211 delictum
838 1145 919 1209 Adae
937 1165 1049 1209 omnes
1070 1144 1260 1223 corruimus,
1275 1143 1323 1206 ita
1337 1164 1395 1226 per

285 1246 502 1312 obedientiam
525 1248 647 1313 Christi
676 1270 788 1313 omnes
817 1248 1033 1327 surreximus,
1065 1255 1099 1311 et
1123 1247 1207 1312 sicut
1229 1268 1316 1311 mors
1336 1266 1394 1330 per

285 1350 410 1433 lignum
425 1351 569 1431 intravit,
584 1353 632 1416 ita
650 1360 683 1415 et
697 1351 764 1415 vita
781 1350 979 1434 perdignum
996 1358 1108 1414 sancte
1128 1349 1232 1415 crucis
1245 1350 1344 1427 venit,
1360 1357 1393 1412 et

285 1454 456 1537 antiquum
473 1454 642 1517 inimicum
657 1454 829 1538 superavit,
846 1462 880 1517 et
893 1453 987 1517 fortis
1001 1453 1119 1517 fortem
1138 1452 1292 1536 alligavit,
1308 1459 1342 1515 et
1358 1452 1394 1514 in

284 1554 351 1621 imo
365 1556 519 1621 barathro
536 1557 686 1621 retrusit:
706 1559 794 1642 juste
814 1556 910 1641 periit
930 1557 986 1640 qui
1004 1557 1125 1641 injuste
1142 1556 1276 1639 decepit,
1297 1562 1393 1639 atque

286 1680 398 1723 omnes
412 1660 563 1743 antiquas
582 1668 708 1723 sanctas
723 1668 847 1723 turmas
863 1681 882 1722 a
896 1659 988 1724 fauce
1003 1660 1134 1743 pessimi
1146 1659 1249 1723 lconis
1264 1658 1392 1742 eripuit,

286 1770 319 1825 et
333 1782 426 1826 ovem
440 1762 600 1845 perditam
614 1762 649 1825 in
665 1762 808 1826 humeris
823 1762 942 1846 posuit,
957 1771 991 1826 et
1011 1762 1052 1826 ad
1072 1762 1238 1845 antiquam
1254 1760 1394 1845 patriam

286 1862 423 1942 reduxit,
450 1871 484 1927 et
511 1864 672 1929 decimum
692 1865 838 1929 ordinem
860 1859 1016 1949 implevit.
1066 1864 1165 1929 Unde
1187 1885 1248 1947 ego
1270 1863 1392 1942 Cnuth,

285 1986 342 2029 rex
364 1966 545 2049 Anglorum
571 1975 814 2050 ccterammque
834 1969 981 2051 gentium
1002 1968 1248 2052 persistencium
1271 1966 1307 2029 in
1332 1966 1393 2029 cir·

286 2067 386 2146 cuitu,
403 2068 560 2152 patefacio
576 2069 725 2133 omnibus
743 2069 828 2133 hanc
845 2070 1003 2134 cartulam
1016 2070 1198 2152 legentibus
1216 2077 1249 2133 et
1266 2068 1392 2133 auscul-

286 2170 440 2249 tantibus,
457 2170 542 2255 quod
556 2172 751 2236 Adelbertus
767 2173 833 2236 dux
846 2172 998 2237 revelavit
1015 2173 1114 2237 michi
1130 2172 1215 2256 quod
1232 2172 1297 2237 mei
1309 2193 1392 2256 prae·

285 2274 382 2357 positi
414 2274 451 2339 in
484 2274 623 2339 Defonia
652 2277 818 2359 provincia
849 2276 1058 2361 imponebant
1083 2277 1200 2361 jugum
1229 2276 1394 2341 servitutis

286 2376 404 2461 prediis
418 2386 528 2442 sancte
546 2378 689 2442 aecclesie
704 2379 768 2442 Dei
786 2388 821 2443 et
838 2380 907 2463 ejus
922 2379 1087 2462 genitricis
1102 2380 1219 2458 Marie,
1231 2380 1392 2444 omnium·

286 2500 348 2564 quc
368 2487 565 2561 sanctorum,
581 2502 644 2565 que
667 2490 717 2557 est
737 2482 773 2543 in
792 2481 1013 2561 Exencestria,
1034 2481 1141 2545 diruto
1161 2481 1394 2546 monasterius

286 2583 430 2667 paganis,
445 2591 479 2648 et
494 2584 643 2648 crematis
654 2585 831 2669 privilegiis
846 2605 909 2668 que
924 2585 1049 2668 antiqui
1063 2605 1155 2668 reges
1170 2593 1393 2650 concesserant

287 2685 470 2769 supradicto
495 2686 640 2751 cenobio.
703 2687 924 2752 Quamobrem
946 2709 1006 2770 ego
1026 2688 1148 2766 Cnuth,
1166 2688 1238 2754 Deo
1255 2688 1392 2768 favente,

285 2787 389 2852 tocius
403 2789 549 2853 Albionis
567 2789 778 2874 primicerius,
797 2811 859 2873 pro
875 2791 1035 2873 peticione
1054 2791 1231 2875 supradicti
1244 2791 1344 2870 ducis,
1359 2798 1393 2854 et

285 2911 343 2974 pro
365 2891 505 2956 remedio
523 2892 630 2956 anime
650 2913 721 2958 mee
743 2914 951 2976 mearumque
971 2894 1138 2978 culpamm
1157 2894 1392 2973 emendatione,

285 3001 382 3076 atque
401 2993 624 3058 incolumitate
646 2995 710 3058 mei
729 2995 832 3078 regni,
850 2996 935 3060 hanc
954 2997 1111 3060 carbrlam
1133 2997 1274 3062 ccnoedo
1293 2997 1392 3060 Adel·

286 3096 389 3160 woldo
412 3096 521 3161 abbati
546 3097 679 3181 ejusque
708 3097 862 3162 cambus
887 3105 921 3162 et
946 3119 1080 3163 suorum
1101 3099 1336 3164 suecessoribus
1357 3099 1393 3162 in

284 3199 469 3281 supradicto
491 3200 688 3264 monasterio
713 3200 989 3265 commorantibus
1015 3201 1056 3265 ad
1085 3211 1274 3286 perpetuam
1296 3202 1392 3266 liber·

284 3307 397 3378 tatem,
417 3307 455 3362 ut
476 3299 614 3364 liberum
635 3308 823 3385 permaneat
843 3303 951 3386 ipsum
972 3305 1204 3367 monasterium
1226 3327 1302 3370 cum
1322 3326 1391 3368 om·

285 3401 381 3465 nibus
404 3402 534 3486 praediis
551 3403 599 3466 illi
621 3405 789 3485 concessis,
813 3414 943 3471 etcum
964 3406 1114 3470 omnibus
1134 3407 1232 3472 rebus
1254 3409 1295 3473 ad
1317 3429 1392 3473 eum

283 3505 345 3567 rite
360 3504 606 3588 pertinentibus,
622 3506 655 3571 id
679 3515 738 3587 est,
754 3509 886 3593 campis,
902 3509 1013 3593 pratis,
1029 3511 1165 3594 pascuis,
1181 3511 1278 3590 silvis,
1294 3534 1391 3577 vena·

284 3607 607 3690 tionibus,.piscariis,
631 3609 671 3674 ab
694 3611 782 3676 omni
804 3611 906 3694 regali
928 3620 1025 3695 atque
1050 3613 1188 3678 seculari
1210 3615 1391 3697 gravedine,

283 3710 406 3793 majora
425 3717 521 3793 atquc
540 3712 676 3790 minora,
696 3713 836 3797 exceptis
857 3714 992 3778 assiduis
1009 3716 1220 3796 orationibus,
1242 3719 1304 3782 nisi
1324 3719 1392 3783 sola

282 3812 483 3896 expeditione
503 3821 536 3877 et
558 3815 665 3899 pontis
688 3817 946 3895 constructione3
970 3824 1004 3881 et
1029 3818 1057 3881 si
1079 3819 1201 3902 aliquid
1220 3842 1280 3904 pro
1298 3841 1391 3904 expe-

283 3914 416 3994 ditione,
442 3923 499 3979 aut
522 3937 582 3998 pro
608 3917 717 3999 aliquo
742 3917 843 4000 regali
866 3919 991 3984 tributo
1015 3920 1181 4000 reddatur,
1208 3922 1304 3986 detur
1323 3944 1389 3987 mo·

281 4017 431 4081 nasterio.
478 4018 684 4102 Quicumque
711 4039 788 4105 ergo
813 4019 875 4085 hcc
905 4044 1024 4105 augere
1053 4032 1151 4107 atque
1177 4026 1392 4109 multiplicare

279 4118 427 4198 voluerit,
455 4119 629 4204 amplificet
656 4122 746 4185 Deus
770 4122 857 4187 bona
881 4123 969 4189 illius
994 4126 1030 4189 in
1051 4127 1182 4211 regione
1203 4127 1392 4208 viventium,

279 4241 419 4304 paceque
448 4229 558 4287 nostra
581 4223 804 4306 conglutinata
830 4225 941 4309 vigens
970 4236 1003 4292 et
1032 4229 1161 4309 florens,
1183 4239 1282 4315 atque
1307 4233 1392 4299 inter

280 4324 410 4405 agmina
423 4324 635 4390 beatitudinis
657 4326 800 4410 tripudia
821 4330 981 4411 succedat,
997 4333 1053 4414 qui
1067 4341 1187 4398 nostrae
1208 4334 1392 4400 donationis

278 4427 405 4492 muneri
426 4429 618 4494 consentiat.
670 4429 705 4493 Si
721 4430 793 4513 quis
808 4454 884 4499 vero
901 4441 970 4499 tam
988 4435 1178 4519 epilenticus
1194 4437 1392 4522 philargyria
