3234 5125
328 450 363 503 42
604 451 924 509 MISOELLANnoUS
942 451 1157 509 CHARTERS.

330 621 565 686 Doroberniam
579 623 716 703 remisit,
731 622 914 689 humillime
928 645 1045 709 rogans
1065 646 1107 689 ne
1131 625 1193 690 sub
1209 632 1302 691 tanta
1318 626 1434 691 antho-

330 723 434 787 ritetis
456 725 660 790 anathemate
682 726 929 810 periclitaretur.
986 728 1112 791 Verum
1134 750 1191 793 rex
1213 730 1289 795 Offa
1308 751 1434 814 preme·

328 833 492 891 moratum
513 827 683 893 cenobium
702 829 874 908 Coocham,
895 829 980 895 siout
1003 830 1074 895 sine
1090 831 1209 896 litteris
1229 834 1364 917 accepit,
1388 832 1436 895 ita

328 937 450 1011 quanto
473 937 618 1015 tempore
647 931 727 995 vixit
750 930 901 1011 detinuit,
930 939 965 998 et
989 931 1111 1017 absque
1133 933 1316 999 litterarum
1339 936 1433 999 testi-

328 1032 439 1096 monio
457 1034 523 1097 suis
542 1041 615 1118 post
632 1055 666 1097 se
684 1034 855 1099 heredibus
870 1035 1012 1119 reliquit.
1058 1036 1208 1102 Secundo
1223 1045 1333 1101 autem
1347 1059 1434 1102 anno
1527 1101 1531 1108 .

328 1134 421 1217 regui
438 1136 565 1201 Oeunlli
581 1137 666 1201 facta
689 1145 740 1202 est
763 1137 906 1217 sinodus,
929 1139 1014 1203 sicut
1035 1160 1134 1223 supra
1154 1148 1205 1205 eat
1227 1140 1432 1224 prelibatum,

328 1237 414 1320 apud
442 1238 623 1319 Clouesh03
654 1247 688 1303 at
716 1262 777 1325 ego
801 1239 1030 1321 AEeehardus,
1054 1242 1160 1325 gratia
1180 1244 1244 1307 Dei
1267 1242 1431 1308 Dorober·

327 1340 436 1404 nensis
452 1341 718 1428 ambiepiseopus‚
735 1349 768 1406 et
783 1342 877 1407 Cuba
891 1343 1115 1427 primicherius
1133 1366 1271 1425 meeum,
1287 1347 1432 1411 etmulti

327 1442 382 1505 elii
400 1466 440 1507 ex
459 1444 516 1509 illa
534 1446 669 1511 ecclesia
689 1445 813 1510 Christi
832 1446 1005 1529 sapientes,
1020 1446 1148 1511 libellos
1165 1448 1283 1531 prefati
1306 1450 1432 1514 cenobii

328 1546 487 1611 Coceham
520 1548 555 1611 in
583 1548 756 1613 concilium
786 1547 961 1613 detulimus
970 1574 980 1627 3
1012 1570 1150 1632 cumque
1179 1571 1287 1615 coram
1316 1551 1431 1617 sinodo

327 1649 439 1713 relecti
461 1650 774 1728 necennensium
792 1672 872 1716 voce
894 1650 1062 1716 decretum
1085 1658 1136 1715 eat
1152 1652 1279 1735 justum
1301 1674 1373 1717 esse
1393 1662 1432 1717 ut

327 1752 514 1835 metropolis
536 1754 670 1817 ecclesia
690 1774 764 1837 sepe
788 1752 950 1840 prelatum
967 1754 1138 1818 cenobium
1153 1754 1324 1833 Coocham
1339 1754 1432 1838 eujus

326 1854 552 1938 inscriptiones
567 1856 602 1919 in
617 1878 676 1919 sno
690 1856 814 1940 gremio
828 1856 977 1935 habebat,
987 1856 1176 1940 perciperet,
1185 1877 1251 1941 quo
1264 1856 1326 1921 sub
1339 1864 1433 1922 tauto

326 1964 471 2041 tempore
500 1965 568 2022 tam
591 1958 712 2043 injuste
741 1959 879 2042 spoliate
907 1958 1023 2025 fuerat.
1067 1959 1159 2023 Tunc
1182 1967 1291 2023 autem
1310 1960 1433 2044 placarit

326 2060 407 2123 mihi
436 2060 645 2140 AEllelhardo,
667 2060 730 2125 Dei
759 2062 865 2145 gratia
891 2060 1151 2141 archisacerdoti,
1178 2070 1213 2126 et
1236 2064 1432 2148 cynedrybe

326 2162 497 2242 abbatisse,
513 2185 576 2248 que
601 2164 713 2229 eodem
731 2172 877 2248 tempore
900 2163 1064 2248 sepedicto
1087 2164 1223 2230 cenobio
1245 2165 1433 2249 prescitae

326 2266 506 2331 senioribus
521 2288 561 2331 er
575 2266 728 2332 utralibet
748 2275 849 2351 parte,
867 2267 985 2333 Cautio
998 2266 1121 2332 scilicet
1135 2274 1169 2331 et
1183 2267 1375 2346 Bedesorde‚
1391 2268 1432 2333 ad

326 2368 388 2432 hoe
409 2368 529 2433 ibidem
549 2370 763 2454 congregatis,
779 2377 939 2453 quatenns
954 2370 1025 2453 ipsa
1038 2370 1228 2455 eynenrius
1245 2371 1282 2434 in
1298 2371 1431 2455 regione

325 2472 442 2537 Cantia
467 2472 558 2537 daret
585 2473 678 2552 mihi,
702 2494 761 2557 pro
784 2473 1037 2537 commutatione
1062 2494 1137 2556 sepe
1159 2472 1276 2556 prefati
1292 2474 1430 2553 cenobii,

324 2582 444 2640 terram
465 2585 595 2642 centum
615 2584 649 2641 et
667 2578 778 2642 deoem
801 2577 1015 2655 manentium,
1036 2576 1205 2660 sexaginte
1221 2586 1430 2658 cassatorum,

323 2678 482 2759 videlieet,
509 2681 544 2743 iu
568 2681 642 2745 loco
664 2679 721 2764 qui
737 2679 858 2744 dicitur
875 2679 998 2758 Fleote,
1021 2685 1055 2743 et
1078 2678 1214 2762 triginta
1230 2679 1266 2742 iu
1283 2680 1356 2745 loco
1374 2682 1431 2765 qui

323 2783 443 2848 dicitur
465 2785 628 2850 'leucham
638 2809 647 2862 ;
671 2783 706 2846 in
724 2783 825 2847 tertio
846 2803 975 2866 quoque
994 2782 1077 2861 loco,
1097 2780 1292 2846 ubidicitur
1309 2783 1430 2867 Oreges

322 2888 476 2973 aewylma,
505 2886 631 2970 viginti.
677 2887 767 2953 Quas
797 2885 920 2949 scilieet
948 2892 1051 2949 terras
1080 2883 1159 2947 olim
1188 2904 1246 2948 rex
1270 2885 1344 2950 Offs
1367 2885 1430 2951 sibi

322 2988 443 3054 viventi
472 2987 673 3053 conscribere
695 2988 784 3066 feeit,
809 2987 940 3071 suisque
969 2985 1142 3050 heredibus
1165 2994 1240 3070 post
1263 3008 1358 3067 eum,
1385 2997 1430 3068 et,

323 3098 395 3174 post
410 3113 523 3156 eorum
537 3111 668 3156 cursum
685 3091 761 3168 vite,
777 3089 910 3154 ecclesie
925 3110 988 3173 que
1005 3088 1068 3152 site
1081 3096 1133 3153 est
1147 3089 1233 3174 apud
1247 3090 1430 3156 Beodeford

322 3193 506 3276 consignari
536 3193 689 3278 precepit.
739 3193 814 3257 Hoc
830 3193 930 3256 etiam
950 3212 1060 3256 coram
1082 3192 1172 3255 omui
1194 3192 1309 3257 sinodo
1331 3193 1431 3278 elegi·

321 3315 414 3374 mus3
438 3302 476 3359 ut
490 3296 560 3380 ipsa
574 3295 735 3360 abbatissa
749 3318 769 3360 a
782 3317 836 3360 me
849 3295 1006 3380 percipiet
1022 3314 1097 3377 sepe
1115 3294 1319 3358 nominatum
1334 3317 1430 3362 ceno·

321 3397 413 3462 bium
431 3419 505 3462 cum
523 3399 590 3462 suis
610 3398 893 3482 inscriptionibus;
916 3405 951 3463 et
967 3417 1029 3482 ego
1046 3404 1150 3461 terras
1167 3405 1201 3462 et
1218 3397 1345 3463 libellos
1365 3407 1430 3464 ter-

321 3521 430 3564 rarum
449 3501 579 3566 illerum
596 3523 675 3586 quas
693 3503 774 3566 mihi
791 3502 827 3565 in
845 3501 963 3568 Guntia
979 3498 1097 3576 reddit,
1116 3499 1157 3563 ab
1180 3521 1219 3564 ea
1238 3501 1429 3585 acciperem,

321 3609 481 3687 quatenus
499 3605 590 3668 nulla
610 3604 822 3689 imposterum
842 3604 1006 3668 internos
1029 3601 1228 3685 heredesque
1246 3611 1375 3669 nostros
1396 3613 1430 3670 et

321 3705 394 3772 offe
410 3706 496 3790 regis
515 3714 625 3790 surgat
643 3707 870 3786 controversia,
891 3705 947 3769 sed
964 3704 1051 3789 quod
1072 3703 1133 3767 sub
1150 3711 1219 3767 tum
1230 3705 1348 3770 nobilis
1363 3706 1429 3770 sin·

319 3809 374 3875 odi
397 3811 584 3876 testimonio
607 3811 694 3876 inter
717 3833 777 3876 uos
796 3812 1023 3876 confirmatum
1049 3813 1100 3871 est
1123 3806 1291 3893 indirupto
1319 3809 1429 3875 federe

319 3921 465 3978 servetau
493 3915 741 3999 imperpetuum.
787 3916 860 3997 Ilgo
878 3933 1006 3997 quoque
1029 3910 1248 3974 AEeelhardus
1272 3911 1431 3997 archiepi-

319 4039 433 4101 scopus
451 4017 591 4082 concedo
606 4017 786 4101 Cyni'drilte
802 4016 964 4081 abbatisse
976 4013 1211 4078 monasterium
1226 4014 1312 4097 quod
1328 4016 1429 4080 situm

318 4129 369 4186 est
391 4121 426 4183 in
444 4120 515 4186 loco
538 4120 594 4205 qui
616 4119 736 4184 dicitm
757 4121 939 4202 Pectanege
957 4117 998 4180 ad
1015 4114 1212 4194 habendum,
1236 4117 1323 4200 quod
1347 4118 1430 4182 mihi

317 4246 374 4288 rex
389 4225 461 4308 pius
475 4223 630 4308 Eghidus
644 4223 840 4288 hereditario
851 4223 926 4307 jure
941 4218 1173 4306 possidendum
1181 4219 1315 4286 donavit
1329 4229 1430 4306 atque

318 4327 520 4411 conscripsit.
