3234 5125
479 473 799 529 MISOELLANEOUS
819 475 1032 530 CHARTERS.
1236 480 1290 532 435

186 642 246 707 beo
262 664 315 708 111.
331 665 419 728 gear·
443 664 461 727 3
481 645 603 710 binnon
626 649 717 733 brym
757 668 799 709 on
822 647 895 709 that
920 647 1007 726 land,
1031 647 1157 713 form.
1185 670 1286 732 years,

186 767 318 830 gearum
359 748 442 831 agile
483 753 507 834 p
538 749 613 812 land
643 755 716 835 pam
757 747 820 812 and
843 749 878 811 in
904 749 996 812 three
1023 771 1116 834 years
1145 750 1218 814 thet
1247 750 1288 813 he

186 849 297 913 hirede
318 850 386 914 mid
409 873 473 915 swa
494 851 636 935 myclum
654 873 718 915 swa
755 850 828 933 give
842 851 924 915 bach
935 850 991 915 the
1006 852 1082 916 land
1093 861 1128 917 to
1142 853 1285 917 theeon-

185 973 219 1016 se
234 953 325 1017 hired
339 954 408 1017 him
419 975 462 1018 on
477 954 564 1018 hand
579 963 674 1020 sette·
692 959 716 1040 p
755 961 832 1017 vent
843 955 922 1018 with
933 977 968 1018 as
983 957 1080 1020 much
1095 977 1130 1019 as
1140 956 1196 1020 the
1210 978 1285 1020 con-

186 1056 269 1140 synd
292 1078 354 1120 xrr.
385 1060 490 1142 peowe
513 1079 601 1122 men·
627 1079 645 1140 Ἰ
675 1079 713 1123 11.
755 1065 832 1121 vent
854 1078 932 1140 gare
948 1058 1018 1122 him
1032 1059 1067 1122 in
1081 1059 1186 1137 hand;
1214 1059 1286 1123 that

142 1147 146 1158 ’
185 1158 341 1243 gesylhde
379 1181 475 1223 oran·
515 1178 533 1241 ]
567 1183 589 1222 1.
625 1160 714 1224 hund
754 1159 791 1238 is,
815 1181 876 1224 111.
895 1161 984 1239 seris,
1001 1162 1064 1226 and
1088 1183 1127 1226 11.
1147 1163 1285 1248 plough-

185 1282 309 1344 soeapa·
327 1281 346 1343 ]
364 1261 437 1325 half
452 1261 601 1327 hundred
622 1263 716 1327 fodra
754 1284 847 1341 oxen,
859 1265 921 1327 and
938 1286 999 1328 one
1013 1266 1162 1329 hundred
1176 1266 1283 1348 sheep,

185 1385 305 1428 eomes.
351 1364 427 1428 And
449 1366 540 1430 selle
560 1368 614 1452 bas
632 1366 713 1430 fore·
754 1366 818 1429 and
846 1389 866 1430 a
894 1367 966 1431 half
989 1367 1136 1432 hundred
1153 1368 1283 1458 ‘lothere

186 1466 272 1530 ward
285 1467 431 1544 tobreke·
444 1470 486 1532 he
500 1471 650 1552 gewurlSe
665 1470 715 1535 hit
754 1469 791 1533 of
808 1491 895 1534 corn.
942 1471 1016 1534 And
1041 1472 1185 1535 whoever
1201 1470 1283 1534 shall

186 1570 254 1634 him
269 1571 368 1634 naesre
383 1571 532 1654 forgifen·
547 1595 584 1637 ao
599 1573 659 1636 beo
673 1574 714 1637 he
755 1570 852 1636 break
878 1571 969 1636 these
994 1581 1166 1656 compacto,
1187 1573 1227 1636 be
1255 1573 1282 1634 it

185 1673 349 1738 fordemed
373 1673 443 1738 into
472 1674 556 1738 helle
579 1676 665 1739 wite·
692 1696 710 1757 Ἰ
752 1695 849 1738 never
864 1674 1006 1758 forgiven
1022 1675 1101 1753 him,
1113 1675 1173 1738 but
1186 1674 1227 1738 be
1241 1674 1283 1737 he

184 1779 247 1862 paer
261 1775 328 1839 mid
350 1776 450 1840 deofle
466 1777 590 1861 wunige
613 1780 655 1842 ob
678 1789 713 1843 to
752 1776 952 1841 condemned
966 1778 1036 1840 into
1048 1777 1281 1854 hell-torment,

184 1879 294 1944 domes
310 1879 408 1963 daege.
752 1879 817 1943 and
831 1880 922 1943 there
933 1879 1026 1943 dwell
1036 1880 1113 1943 with
1128 1880 1184 1943 the
1199 1878 1283 1942 devil

753 1982 802 2045 till
818 1981 1002 2065 doomsday.

494 2253 615 2261 --—-...
621 2255 991 2266 ——-.--.—-——-—

386 2457 491 2513 EARL
508 2459 733 2514 WALTHEOF.
771 2460 1075 2515 munivi-uum.

224 2604 373 2687 Godgiue
398 2605 495 2669 vidua
524 2605 612 2670 dedit
632 2606 752 2670 Sancto
778 2606 885 2694 Petro,
915 2606 950 2670 iu
979 2606 1049 2670 loco
1079 2606 1135 2689 qui
1165 2605 1283 2670 dicitur

182 2706 303 2785 Burch‚
318 2706 398 2772 duas
407 2709 508 2787 villas,
519 2708 656 2793 Righale
670 2716 704 2773 et
720 2708 975 2792 Beolmesthorp,
990 2728 1049 2791 pro
1062 2707 1283 2792 redemptione

182 2810 297 2875 animae
312 2834 387 2891 suae,
403 2834 460 2895 per
476 2834 668 2877 eonsensum
688 2812 773 2895 regis
788 2810 977 2877 AEduuardi.
1022 2811 1140 2876 Postea
1161 2813 1283 2896 accepit

182 2935 253 2978 eam
270 2914 447 2979 Siuuardus
462 2936 568 2980 eomes
586 2915 622 2978 in
636 2916 787 3000 conjugio
795 2940 805 2992 3
829 2922 901 2998 post
916 2922 1043 2998 tempus
1062 2936 1129 2978 non
1143 2917 1283 2979 multum

183 3025 311 3081 mortua
324 3026 384 3096 est,
396 3025 430 3082 et
444 3018 631 3102 deprecatus
645 3024 696 3081 est
711 3017 891 3081 Sinuardus
905 3038 1011 3081 comes
1028 3017 1177 3082 abbatem
1190 3017 1284 3082 Leof-
1401 3026 1408 3043 '

182 3120 287 3183 rieum
311 3129 345 3185 et
367 3120 493 3200 fratres,
516 3128 554 3184 ut
578 3120 732 3203 quamdiu
750 3120 872 3184 viveret
897 3127 1006 3203 posset
1028 3118 1146 3184 hebere
1172 3142 1282 3204 supra·

180 3224 284 3287 dictas
297 3224 406 3301 villas3
430 3231 549 3307 etpost
564 3222 651 3286 illius
668 3222 834 3287 decessum
851 3229 1088 3287 reverterentur
1103 3222 1142 3285 ad
1156 3244 1283 3286 monas-

183 3321 311 3385 terium.
368 3322 565 3405 Mortunque
591 3321 750 3386 Sinuardo
775 3322 903 3400 comite,
930 3320 1016 3385 faeta
1044 3328 1093 3387 est
1116 3322 1286 3386 conventio

181 3432 257 3489 ante
280 3446 388 3508 regem
418 3424 643 3489 AEduuardum
672 3424 758 3487 inter
779 3424 954 3501 Waltheof,
978 3423 1081 3487 filium
1110 3424 1285 3507 supradicti

179 3528 317 3606 comitis,
334 3537 368 3591 et
391 3527 576 3592 Leofricum
598 3526 759 3605 abbatem,
778 3534 812 3590 et
835 3526 959 3609 accepit
980 3526 1048 3610 ipse
1062 3527 1233 3592 Waltheof
1252 3548 1282 3590 v.

182 3652 306 3696 mareas
321 3630 402 3710 auri,
418 3631 476 3693 tali
494 3638 615 3708 tenore,
631 3637 668 3693 ut
685 3630 754 3712 ipse
768 3628 940 3693 Waltheof
949 3628 1083 3692 haberet
1098 3628 1235 3712 Righale
1250 3629 1284 3691 in

182 3732 341 3811 vitame,
368 3742 403 3796 et
429 3732 673 3815 Beolmesthorp
703 3732 814 3815 quieta
842 3730 997 3794 remansit
1026 3731 1061 3793 in
1090 3732 1285 3794 monasterio

183 3836 294 3901 Sancti
309 3837 407 3915 Petri,
423 3857 480 3919 per
490 3834 669 3920 jussionem
687 3834 772 3917 regis
786 3832 977 3896 AEduuardi.
1024 3833 1098 3896 Hoc
1112 3842 1220 3896 actum
1235 3842 1284 3895 cst

181 3946 257 4002 ante
276 3960 385 4021 regem
406 3938 552 4022 publice:
576 3937 632 4000 sed
656 3944 729 4019 post
749 3942 888 3999 mortem
910 3934 996 4017 regis
1019 3934 1122 3997 fracta
1140 3941 1189 3997 est
1207 3956 1283 3998 con-

181 4041 291 4105 ventio
314 4040 354 4105 ab
377 4042 447 4123 ipso
461 4039 656 4104 Waltheofo.
712 4037 777 4102 Sed
800 4046 922 4122 postea,
943 4036 1134 4120 poenitentia
1157 4036 1283 4113 duetus,

180 4144 330 4207 veniente
359 4143 430 4226 ipso
459 4143 499 4206 ad
529 4141 759 4206 monasterium
782 4139 964 4223 praefatum,
988 4138 1146 4202 concessit
1174 4138 1284 4201 ambas

180 4254 282 4309 terras
313 4248 433 4309 Sancto
465 4246 571 4323 Petro,
596 4265 634 4307 co
663 4252 786 4321 tenore,
817 4250 855 4305 ut
884 4242 952 4325 ipse
982 4240 1136 4324 quamdiu
1163 4240 1284 4304 viveret
1317 4318 1320 4326 1

180 4355 324 4426 teneret5
356 4355 388 4410 et
414 4356 486 4431 post
510 4346 635 4411 obitum
662 4344 748 4407 illius
773 4344 883 4408 ambas
909 4343 1006 4406 simul
1030 4343 1064 4405 in
1090 4344 1284 4407 monasterio

180 4449 376 4527 dimitteret;
394 4470 452 4513 ncc
463 4450 530 4533 ipse
543 4446 747 4531 aliquomodo
762 4447 858 4510 istam
870 4445 1115 4510 conventionem
1127 4445 1283 4528 frangere,

456 4572 458 4577 ·
1022 4551 1043 4611 2
1059 4568 1076 4610 r
1092 4550 1111 4610 2
