3234 5125
303 427 357 482 410
579 427 900 484 MISOELLANEOUS
919 427 1137 484 CHARTERS.

303 597 417 676 sciant,
441 597 569 682 quando
595 597 719 664 sedebit
741 619 817 664 cum
845 599 912 663 suis
941 599 1132 684 coapostolis
1156 598 1306 683 judicans
1330 597 1410 662 dno-

303 701 407 764 decim
428 700 534 766 tribus
556 701 667 766 Israel.
711 701 815 766 Vobis
836 723 912 766 vero
933 709 967 766 et
987 703 1124 786 posteris
1144 701 1260 766 vestris
1280 701 1410 784 regibus

303 805 535 870 committimus
564 806 804 870 advocationem
840 814 875 870 et
905 806 1078 870 tuitionem
1112 805 1256 889 ejusdem
1285 805 1347 870 loci
1375 812 1410 869 et

303 907 448 972 omnium
462 909 566 972 tocius
580 909 709 992 Angliae
727 908 954 987 aeclesiarum,
970 917 1008 974 nt
1022 909 1091 972 vice
1104 916 1226 988 nostra,
1241 929 1318 972 cum
1330 929 1408 973 con·

303 1010 375 1074 silio
395 1011 616 1094 cpiscoporum
636 1020 671 1075 et
691 1010 855 1090 abbatum,
871 1012 1076 1075 constituatis
1095 1011 1215 1095 ubique
1232 1033 1305 1096 quae
1319 1012 1410 1097 justa

303 1120 388 1188 sunt,
402 1113 538 1177 scientes
553 1135 611 1197 pro
625 1114 687 1178 hoc
701 1136 758 1179 vos
773 1122 958 1197 recepturos
972 1113 1104 1197 dignam
1119 1115 1300 1178 mercedem
1314 1114 1355 1178 ab
1369 1135 1409 1178 eo

303 1215 394 1299 cujus
423 1236 561 1299 regnum
589 1223 623 1279 et
653 1215 824 1300 imperium
853 1237 913 1280 nec
942 1216 1066 1281 desinet
1094 1239 1155 1282 nec
1179 1218 1346 1281 minuetur
1372 1217 1408 1280 in

303 1319 466 1382 saeculum.
502 1319 652 1382 Valete.”
707 1319 803 1383 Hanc
828 1320 929 1402 igitur
957 1319 1126 1402 epistolam
1152 1320 1318 1404 apostolici
1346 1320 1408 1404 pri·

303 1421 411 1504 vilegii
431 1421 552 1506 placuit
571 1421 711 1485 inserere
732 1421 809 1485 huic
830 1430 951 1486 nostrae
967 1423 1218 1502 confirmacioni‚
1237 1431 1276 1487 ut
1294 1443 1407 1487 secun·

302 1523 379 1588 dum
394 1523 480 1607 quod
497 1527 615 1588 Sancto
631 1524 732 1588 Leoni
753 1524 841 1607 priua
860 1524 1024 1607 placuerat
1038 1525 1201 1609 michique
1213 1532 1406 1610 preceperat,

301 1627 515 1692 concordante
537 1627 577 1690 ad
599 1627 660 1691 hoc
682 1647 864 1691 successore
881 1627 951 1710 ejus
972 1627 1143 1706 Nicholao,
1162 1636 1195 1692 et
1217 1628 1328 1692 eadem
1350 1635 1407 1691 aut

302 1731 425 1814 majora
443 1731 525 1793 mihi
547 1731 763 1814 praecipiente,
783 1731 887 1794 sciant
907 1751 1019 1794 omnes
1038 1731 1156 1795 firturae
1174 1731 1405 1815 generationes,

302 1853 364 1911 me,
391 1853 449 1915 pro
471 1832 538 1896 voti
560 1833 705 1915 praedicti
731 1832 943 1911 absolutione,
966 1842 1234 1918 peccatorumque
1262 1853 1405 1898 meorum

301 1937 448 2002 omnium
467 1937 664 2014 remissione,
683 1943 716 1999 et
733 1943 862 2000 aetcrnoe
879 1938 954 2000 vitae
972 1939 1242 2016 remuneratione,
1261 1959 1319 2022 pro
1338 1939 1405 2001 aui-

300 2040 414 2104 mabus
426 2061 549 2123 regum,
561 2048 630 2103 tam
641 2059 860 2103 successorum
870 2061 966 2122 quam
977 2040 1237 2122 predecessorum
1248 2061 1403 2118 meorum,

298 2149 331 2206 et
345 2142 492 2207 omnium
507 2148 677 2225 parentum
691 2163 850 2220 meorum,
863 2151 897 2205 et
911 2163 970 2225 pro
985 2163 1064 2226 pace
1078 2152 1112 2206 et
1126 2143 1304 2207 stabilitate
1314 2144 1405 2226 regni

300 2244 375 2322 mei,
392 2253 425 2308 et
445 2245 655 2328 prosperitate
673 2243 778 2308 tocius
800 2245 983 2327 Anglorum
1002 2245 1122 2329 populi,
1142 2246 1214 2309 loco
1233 2245 1282 2309 illi
1300 2247 1403 2309 omni·

300 2348 429 2411 modam
457 2346 640 2411 libertatem
666 2345 825 2429 quantum
855 2347 896 2410 ad
924 2356 1116 2431 potestatem
1139 2356 1301 2412 terrenam
1328 2369 1402 2412 con·

299 2449 438 2528 cessisse,
466 2458 499 2513 et
525 2450 611 2532 quod
633 2450 679 2513 illi
702 2450 741 2513 de
762 2450 987 2514 aecclesiastica
1007 2451 1068 2515 hoc
1086 2450 1126 2515 de
1146 2451 1237 2534 regia
1256 2451 1404 2514 libertate

298 2562 416 2617 statuo.
461 2552 542 2637 Ejus
571 2552 671 2635 igitur
697 2553 816 2617 amoris
841 2553 983 2633 stimulo,
1008 2563 1041 2618 et
1070 2553 1134 2617 lide
1158 2553 1343 2638 plenissima
1365 2576 1403 2619 ac

298 2656 503 2721 devotissima
528 2655 690 2734 suffultus,
718 2657 810 2740 cujus
835 2657 983 2739 largitlua
1005 2657 1215 2722 miseracione
1236 2658 1272 2720 in
1295 2657 1401 2721 cathe-

299 2759 357 2823 dra
379 2758 480 2843 regali
506 2766 673 2842 promotus
703 2780 786 2837 sum,
817 2780 892 2821 cnm
921 2760 1054 2822 consilio
1083 2766 1116 2822 et
1145 2760 1274 2823 decreto
1298 2760 1400 2823 archi·

297 2862 528 2946 episcoporum,
562 2861 795 2943 episcoporum,
825 2861 992 2939 comitum,
1027 2861 1228 2944 aliorumque
1255 2863 1402 2926 omnium

297 2986 441 3029 meorum
465 2965 668 3048 optimatum,
691 2964 889 3047 prospiciens
910 2962 972 3027 hoc
1001 2964 1062 3047 ipsi
1084 2964 1234 3028 ecclesias
1255 2973 1289 3028 et
1309 2964 1400 3029 habi-

295 3070 441 3133 tantibus
470 3070 504 3130 in
534 3088 582 3145 ea,
609 3067 675 3131 sive
699 3066 934 3150 pertinentibus
963 3067 1004 3131 ad
1030 3088 1100 3131 eam
1125 3068 1207 3131 utile
1231 3068 1310 3147 fore,
1335 3090 1402 3134 non

296 3172 401 3234 solum
430 3172 465 3233 in
494 3170 633 3254 presenti
663 3170 843 3233 sedetiam
873 3170 908 3232 in
933 3170 1044 3233 futuro
1072 3170 1154 3253 elegi
1179 3170 1401 3235 sanctiendum

296 3283 393 3358 atque
408 3274 531 3357 perpeti
546 3272 765 3337 stabilimento
783 3274 824 3336 ab
841 3274 992 3337 omnibus
1011 3274 1276 3353 confirmandum,
1290 3282 1329 3337 ut
1342 3296 1402 3358 pro

297 3378 418 3441 Christi
445 3376 567 3439 honore
590 3384 623 3439 et
649 3396 767 3453 amore,
794 3383 827 3439 et
850 3396 909 3459 pro
930 3376 1112 3440 reverencia
1134 3378 1252 3440 summi
1274 3384 1401 3460 aposto-

295 3481 401 3544 lorum
418 3479 570 3562 principis
588 3480 686 3557 Petri,
702 3480 795 3563 cujus
816 3479 995 3562 patrocinio
1015 3480 1172 3564 meipsum
1192 3480 1349 3559 commisi,
1368 3490 1402 3545 et

296 3604 355 3667 pro
383 3583 554 3646 devocione
584 3591 616 3646 et
644 3584 852 3646 veneracione
880 3591 1064 3646 sanctarum
1090 3583 1298 3666 reliquiarum
1322 3606 1402 3667 quaa

295 3686 399 3750 eidem
429 3686 499 3749 loco
528 3686 661 3764 contuli,
686 3686 855 3749 beatorum
884 3684 1032 3749 videlicet
1061 3687 1290 3769 apostolorum,
1315 3708 1400 3750 mar-

294 3798 415 3873 tyrum,
435 3787 662 3866 consessorum,
686 3796 720 3851 et
736 3788 908 3871 virginum,
931 3796 970 3851 ut
992 3788 1206 3871 Omnipotens
1229 3789 1400 3867 Dominus,

294 3914 350 3976 per
371 3892 508 3956 istorum
531 3890 682 3973 suffragia
704 3904 898 3969 sanctornm,
921 3889 1061 3973 depulsis
1079 3892 1205 3955 cunctis
1227 3892 1400 3955 adversita-

294 3996 392 4073 tibus,
408 4017 483 4060 cum
499 3994 586 4078 pacis
608 4000 641 4057 et
658 3992 792 4056 honoris
810 3993 860 4055 aui
880 3993 1066 4072 stabilitate,
1082 4015 1120 4057 ac
1134 4002 1296 4078 perpetua
1309 4002 1399 4057 tran-

294 4097 464 4180 quillitatis
490 4095 718 4175 sullimatione,
741 4096 850 4159 locum
871 4095 966 4160 illum
987 4096 1160 4175 custodiat,
1184 4096 1343 4181 disponat,
1366 4105 1401 4161 et

294 4208 452 4285 protegat,
475 4206 508 4262 et
531 4219 589 4282 pro
610 4198 782 4280 magnifica
804 4198 971 4281 dignitate,
990 4199 1056 4263 sive
1078 4200 1179 4282 regali
1198 4200 1400 4279 excellencia,

295 4305 395 4387 ipsius
410 4302 572 4380 aecclesia,
589 4309 623 4365 et
637 4322 696 4384 pro
710 4301 818 4384 quiete
829 4303 1059 4366 monachorum
1075 4304 1196 4368 ibidem
1211 4305 1281 4368 Deo
1295 4304 1400 4367 samu·

295 4406 442 4482 lentium,
457 4410 568 4468 tantus
587 4402 692 4468 honor
706 4404 811 4469 eidem
827 4405 977 4469 aecclesia
991 4404 1149 4471 habeatur
1162 4408 1400 4492 imperpetuum
