3234 5125
457 443 776 500 MISCELLANEOUS
795 444 1009 501 OHARTERS.
1250 442 1287 497 83

180 609 315 675 nomina
329 611 414 675 infra
427 619 590 675 tenentur.
635 612 757 675 Actum
772 632 882 675 mense
895 612 998 690 Maio,
1008 611 1043 675 in
1057 612 1187 677 civitate
1197 613 1284 677 Lon-

181 713 288 777 donia.
335 714 518 779 Indictione
543 720 658 798 quarta
682 713 831 779 decima1.
877 716 975 779 Anno
1001 714 1041 778 ab
1065 713 1286 779 incarnatione

181 816 307 880 Christi
321 826 529 881 ncc.xuv1u⁰.

228 921 356 1003 ›14Ego
374 917 596 983 AEthilbaldus
618 938 673 983 rex
696 918 894 983 Marciorum
915 920 1165 1004 suprascriptam
1187 921 1285 985 dona·

180 1022 305 1086 tionem
330 1042 437 1088 meam
459 1021 552 1105 signo
574 1028 685 1085 sancte
707 1021 822 1099 crucis,
844 1022 880 1085 in
901 1021 961 1087 hao
982 1023 1106 1087 cartula
1126 1044 1286 1108 expresso,

152 1208 156 1215 Ι
183 1124 355 1207 diligenter
378 1122 574 1191 confirmavi.
626 1126 666 1205 »Β
682 1124 753 1207 ugo
767 1124 965 1190 AEdbeortus
978 1146 1035 1189 rex
1050 1125 1169 1191 Cancie
1182 1126 1286 1204 testis,

183 1228 392 1293 consenciens
409 1226 592 1310 subscripsi.
640 1229 680 1308 ›1‹
699 1226 838 1311 Signum
857 1248 973 1291 manus
987 1226 1161 1293 cuthberti
1181 1227 1286 1293 archi-

184 1329 334 1415 episcopi.
381 1333 422 1412 ›1‹
442 1328 579 1413 Signum
589 1328 722 1393 Milredi
734 1329 884 1413 episcopi.
929 1332 970 1411 ›1‹
988 1330 1127 1413 Signum
1139 1331 1288 1413 Egcuulfi

185 1431 336 1516 episcopi.
382 1434 423 1513 ›1‹
436 1431 574 1514 Signum
583 1452 699 1495 manus
709 1430 928 1497 Obaniducis.
974 1432 1164 1516 ›1⁴Signum
1174 1454 1288 1498 manus

186 1533 376 1619 Kyneberti.
445 1536 485 1615 »Β
502 1532 640 1616 Signum
650 1534 809 1618 Eoppani.
900 1537 940 1616 ›1‹
959 1534 1097 1617 Signum
1115 1535 1286 1601 Fii'ourici.

185 1641 226 1720 ›1‹
239 1637 377 1721 Signum
391 1634 598 1701 blalhmundi.
646 1638 686 1717 ›1‹
703 1636 842 1719 Signum
857 1636 953 1699 Panti
968 1637 1167 1701 thelonearii.

644 1938 648 1942 .
657 1938 714 1943 .—-
744 1938 751 1943 -
780 1936 862 1947 -ψψοω
873 1938 953 1945 .----

326 2164 424 2219 KING
442 2161 686 2217 AETHELBALD
704 2161 752 2217 OF
769 2161 928 2217 MERCIA.
963 2161 1150 2217 Ducum.

230 2309 415 2393 Plerunque
436 2309 623 2392 contingere
645 2308 726 2372 solet
743 2328 801 2392 pro
823 2308 946 2372 incerta
962 2308 1145 2372 futurorum
1164 2314 1288 2391 tempo·

187 2432 262 2474 rum
284 2411 513 2491 vicissitudine,
537 2419 576 2476 ut
601 2432 639 2475 ea
660 2432 723 2495 que
744 2411 834 2495 prius
854 2410 1032 2474 multarum
1052 2411 1197 2474 fidelium
1218 2430 1290 2493 per·

188 2535 342 2578 sonarum
360 2512 547 2580 testimonio
567 2512 764 2598 consilioque
783 2513 934 2579 roborata
952 2513 1094 2594 firenmt,
1108 2521 1147 2578 ut
1160 2513 1292 2578 fraudu·

187 2617 294 2681 lenter
318 2639 375 2702 per
400 2617 635 2683 contumaciam
661 2616 883 2701 plurimorum,
908 2625 942 2681 et
966 2617 1225 2682 machinamenta
1250 2617 1292 2679 si-

188 2721 385 2799 mulationis,
401 2720 470 2784 sine
490 2719 557 2783 ulla
576 2718 832 2784 consideratione
846 2720 981 2784 rationis
1001 2718 1178 2804 periculose
1199 2716 1291 2782 dissi-

189 2831 317 2908 pentur,
346 2823 410 2886 nisi
439 2823 630 2888 auctoritate
650 2823 843 2901 litterarum,
870 2831 904 2886 et
924 2829 1119 2886 testamento
1143 2841 1292 2906 cyrogra-

189 2926 328 3010 phorum
343 2933 452 2989 eterne
466 2925 620 2989 memorie
634 2924 755 2988 inserta
769 2923 845 2988 sint.
880 2925 1084 3009 Quapropter
1095 2944 1154 3007 ego
1164 2922 1292 2993 AElhel.

69 3095 73 3104 ,
189 3027 305 3092 baldus
324 3049 379 3093 rex
394 3027 602 3106 Marciorum,
617 3048 676 3111 pro
699 3047 807 3091 amore
830 3027 955 3091 celestis
977 3026 1091 3110 patrie,
1109 3033 1143 3090 et
1163 3047 1222 3110 pro
1243 3045 1293 3089 re-

191 3131 299 3195 medio
314 3131 421 3195 anime
435 3151 516 3208 mee,
528 3129 590 3194 hoe
603 3129 743 3194 maxime
758 3129 919 3213 agendum
939 3149 1008 3193 esse
1022 3127 1154 3212 previdi,
1169 3135 1207 3191 ut
1221 3148 1293 3192 eam

189 3233 284 3298 bonis
301 3231 449 3316 operibus
462 3231 605 3296 liberam*
621 3231 778 3296 efficerem
800 3230 841 3295 ab
862 3231 1011 3295 omnibus
1031 3231 1166 3295 vinculis
1186 3231 1294 3315 piacu-

188 3336 305 3400 lorum.
343 3335 432 3399 Dum
447 3333 535 3398 enim
549 3333 631 3397 milri
645 3333 847 3417 omnipotens
862 3335 961 3414 Deus,
972 3355 1030 3417 per
1043 3333 1293 3398 misericordiam

191 3437 373 3517 clementie,
388 3435 507 3520 ubsque
529 3435 824 3501 ullo'anteeedente
843 3437 971 3516 merito,
986 3445 1112 3521 sceptra
1128 3435 1294 3520 regiminis

190 3541 366 3605 honorifice
388 3539 524 3623 largitus
547 3547 607 3618 est,
622 3539 695 3604 ideo
720 3539 750 3603 ei
774 3539 914 3602 libenter
938 3547 971 3603 et
994 3538 1174 3604 voluntarie
1195 3560 1234 3604 ex
1256 3559 1295 3602 eo

192 3643 278 3727 quod
301 3641 408 3725 accepi
430 3642 550 3707 iterum
571 3640 723 3707 retribuo.
770 3642 880 3725 Hujus
899 3642 947 3706 rei
968 3642 1073 3726 gratia
1092 3641 1177 3706 hanc
1196 3641 1294 3706 dona·
1385 3671 1390 3680 ·

192 3746 326 3824 tionem,
342 3745 413 3809 Deo
429 3751 523 3825 teste,
539 3764 592 3808 me
610 3744 737 3808 vivente
756 3743 907 3822 eonoedo,
923 3752 961 3808 ut
980 3744 1176 3810 monasteria
1192 3752 1226 3808 et
1243 3765 1294 3808 eo·

191 3847 288 3912 clesie
307 3869 327 3912 a
349 3845 486 3931 publicis
500 3845 719 3931 vectigalibus,
740 3855 774 3910 el
791 3846 832 3910 ab
851 3846 1002 3927 omnibus
1020 3847 1170 3931 operibus
1189 3847 1294 3910 oneri·

191 3950 327 4033 busque,
350 3957 479 4014 auctore
502 3951 583 4029 Deo,
604 3949 778 4014 servientes
800 3948 939 4014 absoluti
961 3957 1123 4028 maneant,
1142 3949 1205 4013 nisi
1226 3949 1294 4013 sola

190 4074 254 4137 que
272 4053 487 4118 communiter
505 4051 641 4116 linenda
658 4053 734 4130 sint,
750 4052 902 4137 omnique
923 4053 1051 4138 populo,
1070 4053 1175 4117 edicto
1198 4052 1293 4135 regis,

189 4155 338 4220 facienda
351 4153 518 4240 jubentur,
532 4155 567 4218 id
589 4163 638 4218 est
659 4152 928 4220 imtructionibus
941 4156 1100 4239 pontium,
1115 4155 1166 4219 vel
1183 4175 1293 4219 neces·

188 4257 282 4322 sariis
296 4255 535 4322 defensionibus
550 4257 672 4322 arcium
687 4264 800 4322 eontra
814 4257 932 4337 hostes,
947 4279 1014 4323 non
1028 4264 1104 4321 sunt
1118 4259 1293 4330 renuenda.

538 4427 545 4456 ¹
564 4421 622 4478 The
634 4423 770 4478 Indiction
783 4423 825 4477 for
835 4424 888 4478 748
899 4423 923 4476 is
934 4437 954 4475 1.

1098 4532 1120 4577 1)
