3234 5125
293 449 329 501 64
568 449 890 505 MISCELLANEOUS
909 448 1123 504 CHARTERS.

295 617 518 698 ford,Wdtun,
532 620 671 704 Gaging,
682 618 1069 708 Denicesvurb,(leornei,
1082 613 1399 700 Gooseig,Faerhom,

295 721 554 802 Waethenesfeld
572 722 832 800 Scrivenanhom,
848 717 1299 805 Burgtuun,1sehhamstedc,
1312 719 1399 782 Box-

295 844 361 902 ora,
371 825 591 908 Waelinglord,
602 825 668 890 mid
679 825 778 889 heora
794 823 1051 908 geburatunum¹
1073 822 1181 906 [idest
1195 843 1269 886 cum
1281 843 1400 905 appen-

297 924 389 989 diciis
412 927 509 1008 suis],
529 927 681 991 Wicham
700 948 775 990 cum
799 927 867 990 suis
886 926 1017 1009 campis,
1040 927 1123 989 sicut
1145 924 1324 990 Ceadvvalla
1342 945 1398 987 rex

295 1028 492 1112 perdonavit,
508 1051 582 1094 cum
601 1029 658 1094 illa
674 1029 753 1092 silva
769 1029 897 1112 integra
915 1049 978 1112 que
998 1027 1117 1091 dicitrrr
1133 1030 1238 1111 Spene
1252 1027 1398 1091 Woban-

294 1131 358 1195 laeb
381 1139 414 1194 et
431 1131 602 1210 Trindlaeh,
622 1133 747 1196 Eastnn
768 1152 846 1194 cum
871 1131 1022 1196 omnibus
1040 1130 1186 1213 agellulis
1206 1130 1248 1194 ad
1265 1129 1399 1213 praefata

291 1233 362 1296 loca
384 1234 627 1316 pertinentibus,
651 1233 830 1298 concedens
855 1233 1049 1317 perdonabo,
1072 1233 1157 1296 sicut
1178 1232 1395 1316 praediximus,
1426 1270 1428 1273 -

294 1345 481 1420 perpetuam
495 1337 689 1401 libertatem.
735 1338 780 1400 Et
791 1336 985 1400 mandatum
999 1334 1201 1413 mandamus,
1217 1335 1252 1396 in
1266 1335 1398 1398 nomine

295 1439 401 1502 Patris
420 1447 453 1502 et
468 1440 542 1503 Filii
556 1447 590 1503 et
606 1439 744 1523 Spiritum
761 1439 882 1518 Sancti,
898 1447 937 1501 ut
952 1439 1061 1501 nullus
1075 1437 1279 1522 superveniat
1293 1436 1398 1500 homi-

295 1563 375 1605 num
405 1542 553 1625 superbia
574 1542 714 1622 inflatus,
741 1563 802 1605 nec
827 1563 883 1606 rer
904 1563 1000 1604 suum
1021 1548 1150 1625 pastum
1172 1540 1324 1623 requirat,
1347 1540 1397 1604 vel

296 1642 451 1707 habentes
468 1644 614 1707 homines
629 1665 710 1728 quos
729 1666 788 1708 nos
803 1643 940 1708 dicimus
959 1644 1173 1726 iaestingmen,
1188 1663 1248 1707 nec
1268 1664 1322 1707 eos
1341 1641 1397 1726 qui

296 1745 462 1829 accipitres
476 1752 616 1829 portant,
626 1746 676 1810 vel
690 1747 839 1825 falcones,
850 1747 901 1811 vel
915 1747 1056 1811 caballos
1065 1747 1199 1825 ducunt,
1212 1747 1277 1809 sive
1291 1766 1397 1824 canes,

296 1868 357 1912 nec
370 1869 486 1932 penam
502 1848 629 1912 mittere
644 1870 738 1932 snper
752 1871 806 1914 eos
822 1834 1046 1933 quoquomodo
1061 1847 1187 1914 audeat.
1227 1848 1300 1912 Nec
1310 1847 1397 1931 prin·

297 1971 370 2034 ceps
392 1972 452 2015 nec
473 1951 583 2034 graffio
600 1952 684 2015 hanc
704 1952 873 2016 lenitatem
895 1952 1064 2036 prefatam
1081 1952 1118 2013 in
1137 1951 1273 2035 alicujus
1292 1948 1398 2014 oneris

297 2053 446 2117 molestia
459 2062 585 2118 mutare
599 2052 725 2133 audeat,
738 2063 795 2118 aut
808 2055 844 2118 in
858 2054 971 2118 diebus
981 2054 1100 2117 nostris
1114 2054 1164 2118 vel
1179 2073 1397 2117 successorum

297 2164 491 2220 nostrorum.
538 2157 574 2220 Si
589 2178 647 2239 pro
662 2157 742 2221 alico
757 2155 874 2221 delicto
889 2165 1056 2220 accusatur
1069 2156 1167 2219 homo
1181 2156 1254 2233 Dei,
1266 2155 1399 2218 ecclesie

297 2260 352 2323 ille
367 2267 474 2324 custos
488 2259 573 2323 solus
588 2279 663 2324 cum
679 2281 737 2323 suo
749 2261 944 2344 juramento,
960 2259 988 2322 si
1003 2259 1129 2337 audeat,
1145 2259 1237 2322 illum
1252 2257 1397 2340 castiget.

300 2363 359 2426 Sin
386 2371 505 2441 autem,
528 2369 566 2426 ut
587 2362 720 2445 recipiat
741 2363 837 2426 aliam
856 2362 1020 2447 justiciam
1049 2362 1145 2446 hujus
1170 2359 1399 2425 vicissitudinis

299 2464 526 2543 conditionem,
549 2465 718 2548 praefatum
744 2465 898 2530 delictum
924 2487 1001 2530 cum
1029 2465 1145 2549 simplo
1170 2464 1286 2548 praecio
1310 2486 1398 2529 com·

299 2577 407 2653 ponat.
452 2567 698 2653 Expeditionem
718 2590 793 2633 cum
811 2590 872 2633 ιιι.
887 2569 1031 2633 vassallis
1045 2576 1079 2633 et
1093 2590 1167 2634 cnm
1182 2568 1282 2632 tantis
1299 2568 1399 2631 scutis

299 2678 487 2749 exerceant,
509 2671 658 2754 antiquos
672 2679 785 2755 pontes
800 2678 834 2735 et
848 2693 936 2736 arces
950 2679 1124 2750 renovent3
1148 2679 1290 2735 ceterum
1305 2671 1400 2755 plena

301 2782 334 2839 et
362 2776 488 2859 integra
516 2774 666 2838 libertate
696 2774 884 2857 glorientur.
929 2774 1073 2838 Maxime
1102 2795 1176 2838 cnm
1202 2773 1263 2857 ipsi
1286 2774 1399 2837 diebus

300 2878 479 2943 Dominicis
490 2898 550 2942 vn.
560 2878 674 2941 missas
685 2898 743 2960 pro
758 2878 850 2941 nobis
861 2877 1087 2941 saluberrimas
1101 2877 1248 2954 offerant,
1258 2884 1291 2939 et
1302 2876 1399 2939 armis

300 2980 529 3064 spiritualibus,
544 2986 676 3045 centum
690 2980 857 3063 psalteriis,
868 2988 981 3043 contra
993 2979 1170 3043 invisibiles
1183 2980 1291 3043 hostes
1305 2978 1399 3041 dimi-

301 3104 373 3149 care
387 3105 454 3147 non
468 3089 600 3146 cessent.
647 3083 683 3145 Si
699 3082 770 3166 quis
786 3091 894 3147 autem
909 3083 1102 3167 prescriptis
1116 3081 1245 3146 statutis
1259 3081 1400 3145 noluerit

302 3184 441 3262 obedire,
458 3184 537 3248 sciat
557 3206 590 3249 se
610 3185 750 3248 alienum
766 3206 834 3249 esse
849 3208 868 3249 a
882 3186 1042 3250 consortio
1061 3194 1171 3250 sancta
1188 3186 1250 3250 Dei
1268 3184 1400 3249 ecclesie

302 3296 335 3351 et
349 3284 620 3371 aparticipatione
634 3288 777 3371 corporis
793 3297 827 3351 et
844 3289 1009 3372 sanguinis
1026 3289 1160 3354 Domini
1180 3289 1281 3353 nostri
1298 3288 1401 3352 Jhesu

303 3388 435 3466 Christi,
447 3409 504 3472 per
514 3392 736 3455 anctoritatem
751 3390 838 3453 beati
848 3391 936 3455 Petri
953 3391 1098 3475 apostoli,
1107 3391 1171 3455 nisi
1185 3391 1281 3475 digne
1291 3411 1399 3454 emen·

303 3491 425 3555 daverit
439 3490 526 3574 quod
540 3500 651 3555 contra
671 3492 733 3557 Dei
753 3493 920 3558 ecclesiam
936 3493 1075 3559 fecisset.
1120 3494 1288 3559 Dederunt
1302 3495 1399 3571 enim,

303 3615 361 3679 pro
380 3592 567 3677 hujusmodi
586 3594 633 3657 rei
653 3596 765 3678 gratia,
781 3596 816 3659 in
835 3617 913 3660 auro
933 3604 966 3661 et
985 3604 1129 3681 argento,
1148 3618 1220 3661 cxx.
1239 3597 1347 3675 libras,
1368 3604 1401 3658 et

302 3705 432 3762 centum
451 3704 617 3760 manentes
631 3696 671 3760 ad
686 3696 794 3762 villam
808 3699 949 3783 regalem
963 3719 1026 3782 que
1039 3698 1158 3763 dicitur
1172 3700 1401 3763 Solitum—-

303 3802 376 3867 Que
386 3808 555 3884 postquam
566 3800 614 3863 vir
624 3800 678 3864 ille
692 3800 961 3884 prudentissimus
973 3802 1120 3886 patravit,
1129 3801 1163 3865 in
1175 3822 1302 3865 summa
1315 3801 1402 3885 pacis

302 3902 473 3967 securitate
487 3901 566 3965 coed
580 3902 661 3965 vixit
675 3904 844 3968 cenobium
858 3904 939 3968 illud
953 3904 1154 3989 gubernavit.
1212 3934 1217 3941 ·

339 4056 347 4085 ¹
367 4050 508 4121 Oideham,
523 4051 668 4121 Chenitun,
680 4053 868 4126 Hengostesie,
883 4054 1063 4125 Cumanoran,
1079 4056 1283 4121 Earmundesle,
1300 4054 1401 4124 Ratun,

302 4138 531 4210 Sanningavvelle,
540 4137 673 4194 Sandford
680 4155 708 4193 x.
716 4141 894 4211 manentium,
904 4142 1036 4211 Wdetun,
1043 4143 1156 4215 (lainga,
1164 4141 1402 4209 Denicheswurde,

304 4224 426 4292 Geomei,
436 4222 546 4297 Gosaig,
558 4224 702 4295 Femham,
714 4226 912 4295 Wacenesfeld,
922 4226 1109 4298 Scriuenbam,
1120 4229 1254 4301 Burgtnn,
1267 4228 1403 4283 lecham-

304 4309 388 4377 steda,
401 4309 516 4379 Boxora,
524 4310 666 4365 Weliford.
690 4312 754 4367 cota
767 4312 857 4367 elaad.
872 4314 900 4368 0.
913 4314 951 4369 ix.
