<?xml version="1.0" encoding="UTF-8"?>
<!DOCTYPE html PUBLIC "-//W3C//DTD XHTML 1.0 Transitional//EN"
    "http://www.w3.org/TR/xhtml1/DTD/xhtml1-transitional.dtd">
<html xmlns="http://www.w3.org/1999/xhtml" xml:lang="en" lang="en">
 <head>
  <title>
</title>
<meta http-equiv="Content-Type" content="text/html;charset=utf-8" />
  <meta name='ocr-system' content='tesseract 3.04.00' />
  <meta name='ocr-capabilities' content='ocr_page ocr_carea ocr_par ocr_line ocrx_word'/>
</head>
<body>
  <div class='ocr_page' id='page_1' title='image "./diplomatariuman02thorgoog_0097.png"; bbox 0 0 3234 5125; ppageno 0'>
   <div class='ocr_carea' id='block_1_1' title="bbox 472 434 1299 492">
    <p class='ocr_par' dir='ltr' id='par_1_1' title="bbox 472 434 1299 492">
     <span class='ocr_line' id='line_1_1' title="bbox 472 434 1299 492; baseline 0.002 -3"><span class='ocrx_word' id='word_1_1' title='bbox 472 434 794 492; x_wconf 76' lang='lat' dir='ltr'><strong>mscELLANnoUS</strong></span> <span class='ocrx_word' id='word_1_2' title='bbox 814 435 1031 492; x_wconf 76' lang='lat' dir='ltr'><strong>CHARTERS.</strong></span> <span class='ocrx_word' id='word_1_3' title='bbox 1262 436 1299 491; x_wconf 70' lang='lat'><strong>63</strong></span> 
     </span>
    </p>
   </div>
   <div class='ocr_carea' id='block_1_2' title="bbox 190 606 1308 4487">
    <p class='ocr_par' dir='ltr' id='par_1_2' title="bbox 190 606 1303 3969">
     <span class='ocr_line' id='line_1_2' title="bbox 192 606 1298 693; baseline 0.002 -23"><span class='ocrx_word' id='word_1_4' title='bbox 192 607 285 671; x_wconf 88' lang='lat' dir='ltr'><strong>ribus</strong></span> <span class='ocrx_word' id='word_1_5' title='bbox 309 606 455 673; x_wconf 89' lang='lat' dir='ltr'><strong>universe</strong></span> <span class='ocrx_word' id='word_1_6' title='bbox 477 608 628 673; x_wconf 71' lang='lat' dir='ltr'><strong>aecclesie</strong></span> <span class='ocrx_word' id='word_1_7' title='bbox 653 610 783 673; x_wconf 89' lang='lat' dir='ltr'><strong>statutis</strong></span> <span class='ocrx_word' id='word_1_8' title='bbox 804 616 1095 693; x_wconf 69' lang='lat' dir='ltr'><strong>congregarentur,</strong></span> <span class='ocrx_word' id='word_1_9' title='bbox 1129 607 1177 672; x_wconf 89' lang='lat' dir='ltr'><strong>ibi</strong></span> <span class='ocrx_word' id='word_1_10' title='bbox 1200 607 1298 672; x_wconf 88' lang='lat' dir='ltr'><strong>etiam</strong></span> 
     </span>
     <span class='ocr_line' id='line_1_3' title="bbox 190 708 1298 795; baseline 0.004 -24"><span class='ocrx_word' id='word_1_11' title='bbox 190 708 280 773; x_wconf 86' lang='lat' dir='ltr'><strong>inter</strong></span> <span class='ocrx_word' id='word_1_12' title='bbox 294 710 358 774; x_wconf 88' lang='lat' dir='ltr'><strong>alia</strong></span> <span class='ocrx_word' id='word_1_13' title='bbox 372 709 465 795; x_wconf 90' lang='lat' dir='ltr'><strong>plura</strong></span> <span class='ocrx_word' id='word_1_14' title='bbox 478 711 563 776; x_wconf 84' lang='lat' dir='ltr'><strong>facta</strong></span> <span class='ocrx_word' id='word_1_15' title='bbox 577 719 626 775; x_wconf 87' lang='lat' dir='ltr'><strong>eat</strong></span> <span class='ocrx_word' id='word_1_16' title='bbox 641 710 806 776; x_wconf 87' lang='lat' dir='ltr'><strong>contentio</strong></span> <span class='ocrx_word' id='word_1_17' title='bbox 820 710 906 775; x_wconf 90' lang='lat' dir='ltr'><strong>inter</strong></span> <span class='ocrx_word' id='word_1_18' title='bbox 921 710 1176 789; x_wconf 90' lang='lat' dir='ltr'><strong>Deneberbtum,</strong></span> <span class='ocrx_word' id='word_1_19' title='bbox 1189 712 1298 775; x_wconf 89' lang='lat' dir='ltr'><strong>Uueo-</strong></span> 
     </span>
     <span class='ocr_line' id='line_1_4' title="bbox 192 812 1300 897; baseline 0 -21"><span class='ocrx_word' id='word_1_20' title='bbox 192 812 361 894; x_wconf 80' lang='lat' dir='ltr'><strong>gamansio</strong></span> <span class='ocrx_word' id='word_1_21' title='bbox 376 813 527 878; x_wconf 75' lang='lat' dir='ltr'><strong>aecclesie</strong></span> <span class='ocrx_word' id='word_1_22' title='bbox 546 812 736 892; x_wconf 76' lang='lat' dir='ltr'><strong>antistitem,</strong></span> <span class='ocrx_word' id='word_1_23' title='bbox 753 812 1065 897; x_wconf 75' lang='lat' dir='ltr'><strong>Uulfbeardumque,</strong></span> <span class='ocrx_word' id='word_1_24' title='bbox 1083 812 1300 877; x_wconf 83' lang='lat' dir='ltr'><strong>Hereiorden·</strong></span> 
     </span>
     <span class='ocr_line' id='line_1_5' title="bbox 193 914 1301 999; baseline 0 -21"><span class='ocrx_word' id='word_1_25' title='bbox 193 914 445 999; x_wconf 86' lang='lat' dir='ltr'><strong>sempresulcm.</strong></span> <span class='ocrx_word' id='word_1_26' title='bbox 481 917 567 981; x_wconf 87' lang='lat' dir='ltr'><strong>Sunt</strong></span> <span class='ocrx_word' id='word_1_27' title='bbox 577 924 686 979; x_wconf 90' lang='lat' dir='ltr'><strong>antem</strong></span> <span class='ocrx_word' id='word_1_28' title='bbox 695 915 890 979; x_wconf 86' lang='lat' dir='ltr'><strong>monasteria</strong></span> <span class='ocrx_word' id='word_1_29' title='bbox 900 915 935 978; x_wconf 90' lang='lat' dir='ltr'><strong>in</strong></span> <span class='ocrx_word' id='word_1_30' title='bbox 943 914 1301 999; x_wconf 80' lang='lat' dir='ltr'><strong>parochialleneberbti</strong></span> 
     </span>
     <span class='ocr_line' id='line_1_6' title="bbox 194 1015 1299 1101; baseline 0 -20"><span class='ocrx_word' id='word_1_31' title='bbox 194 1018 401 1097; x_wconf 87' lang='lat' dir='ltr'><strong>Celtanbom,</strong></span> <span class='ocrx_word' id='word_1_32' title='bbox 414 1017 622 1097; x_wconf 81' lang='lat' dir='ltr'><strong>Beccant&#39;ord,</strong></span> <span class='ocrx_word' id='word_1_33' title='bbox 634 1038 716 1100; x_wconf 88' lang='lat' dir='ltr'><strong>quae</strong></span> <span class='ocrx_word' id='word_1_34' title='bbox 730 1016 809 1081; x_wconf 89' lang='lat' dir='ltr'><strong>olim</strong></span> <span class='ocrx_word' id='word_1_35' title='bbox 822 1017 857 1080; x_wconf 89' lang='lat' dir='ltr'><strong>in</strong></span> <span class='ocrx_word' id='word_1_36' title='bbox 871 1017 1013 1101; x_wconf 76' lang='lat' dir='ltr'><strong>antiquis</strong></span> <span class='ocrx_word' id='word_1_37' title='bbox 1021 1017 1134 1082; x_wconf 88' lang='lat' dir='ltr'><strong>diebus</strong></span> <span class='ocrx_word' id='word_1_38' title='bbox 1144 1015 1185 1080; x_wconf 88' lang='lat' dir='ltr'><strong>ad</strong></span> <span class='ocrx_word' id='word_1_39' title='bbox 1196 1019 1299 1081; x_wconf 85' lang='lat' dir='ltr'><strong>Here·</strong></span> 
     </span>
     <span class='ocr_line' id='line_1_7' title="bbox 194 1118 1301 1204; baseline 0 -21"><span class='ocrx_word' id='word_1_40' title='bbox 194 1120 376 1185; x_wconf 86' lang='lat' dir='ltr'><strong>ferdensem</strong></span> <span class='ocrx_word' id='word_1_41' title='bbox 401 1120 578 1185; x_wconf 72' lang='lat' dir='ltr'><strong>aecclesiam</strong></span> <span class='ocrx_word' id='word_1_42' title='bbox 597 1119 741 1203; x_wconf 73' lang='lat' dir='ltr'><strong>prestita</strong></span> <span class='ocrx_word' id='word_1_43' title='bbox 761 1118 904 1199; x_wconf 78' lang='lat' dir='ltr'><strong>brenmt,</strong></span> <span class='ocrx_word' id='word_1_44' title='bbox 923 1119 959 1183; x_wconf 92' lang='lat' dir='ltr'><strong>in</strong></span> <span class='ocrx_word' id='word_1_45' title='bbox 979 1120 1096 1203; x_wconf 88' lang='lat' dir='ltr'><strong>quibus</strong></span> <span class='ocrx_word' id='word_1_46' title='bbox 1115 1120 1301 1204; x_wconf 89' lang='lat' dir='ltr'><strong>postulabat</strong></span> 
     </span>
     <span class='ocr_line' id='line_1_8' title="bbox 194 1220 1301 1307; baseline 0.002 -22"><span class='ocrx_word' id='word_1_47' title='bbox 194 1244 289 1287; x_wconf 89' lang='lat' dir='ltr'><strong>suam</strong></span> <span class='ocrx_word' id='word_1_48' title='bbox 303 1230 432 1307; x_wconf 88' lang='lat' dir='ltr'><strong>pastum</strong></span> <span class='ocrx_word' id='word_1_49' title='bbox 442 1222 498 1306; x_wconf 92' lang='lat' dir='ltr'><strong>qui</strong></span> <span class='ocrx_word' id='word_1_50' title='bbox 512 1222 544 1286; x_wconf 91' lang='lat' dir='ltr'><strong>ei</strong></span> <span class='ocrx_word' id='word_1_51' title='bbox 558 1221 731 1307; x_wconf 89' lang='lat' dir='ltr'><strong>episcopali</strong></span> <span class='ocrx_word' id='word_1_52' title='bbox 739 1220 814 1306; x_wconf 88' lang='lat' dir='ltr'><strong>jure</strong></span> <span class='ocrx_word' id='word_1_53' title='bbox 828 1221 1020 1306; x_wconf 78' lang='lat' dir='ltr'><strong>pertinebat,</strong></span> <span class='ocrx_word' id='word_1_54' title='bbox 1030 1222 1099 1305; x_wconf 87' lang='lat' dir='ltr'><strong>ipse</strong></span> <span class='ocrx_word' id='word_1_55' title='bbox 1113 1221 1301 1287; x_wconf 89' lang='lat' dir='ltr'><strong>Deneberht</strong></span> 
     </span>
     <span class='ocr_line' id='line_1_9' title="bbox 194 1312 1300 1402; baseline -0.001 -14"><span class='ocrx_word' id='word_1_56' title='bbox 194 1324 258 1388; x_wconf 86' lang='lat' dir='ltr'><strong>sibi</strong></span> <span class='ocrx_word' id='word_1_57' title='bbox 272 1324 371 1389; x_wconf 86' lang='lat' dir='ltr'><strong>reddi.</strong></span> <span class='ocrx_word' id='word_1_58' title='bbox 418 1322 602 1389; x_wconf 85' lang='lat' dir='ltr'><strong>Uulfbeard</strong></span> <span class='ocrx_word' id='word_1_59' title='bbox 617 1334 726 1388; x_wconf 93' lang='lat' dir='ltr'><strong>autem</strong></span> <span class='ocrx_word' id='word_1_60' title='bbox 741 1332 888 1389; x_wconf 88' lang='lat' dir='ltr'><strong>econtra</strong></span> <span class='ocrx_word' id='word_1_61' title='bbox 899 1312 1066 1402; x_wconf 71' lang='lat' dir='ltr'><strong>narrabat,</strong></span> <span class='ocrx_word' id='word_1_62' title='bbox 1076 1332 1115 1388; x_wconf 91' lang='lat' dir='ltr'><strong>ut</strong></span> <span class='ocrx_word' id='word_1_63' title='bbox 1129 1325 1160 1387; x_wconf 89' lang='lat' dir='ltr'><strong>ei</strong></span> <span class='ocrx_word' id='word_1_64' title='bbox 1176 1324 1300 1388; x_wconf 90' lang='lat' dir='ltr'><strong>nnllam</strong></span> 
     </span>
     <span class='ocr_line' id='line_1_10' title="bbox 195 1425 1300 1511; baseline 0 -20"><span class='ocrx_word' id='word_1_65' title='bbox 195 1428 273 1492; x_wconf 90' lang='lat' dir='ltr'><strong>dare</strong></span> <span class='ocrx_word' id='word_1_66' title='bbox 287 1425 460 1505; x_wconf 86' lang='lat' dir='ltr'><strong>debuisset,</strong></span> <span class='ocrx_word' id='word_1_67' title='bbox 472 1448 579 1511; x_wconf 89' lang='lat' dir='ltr'><strong>neque</strong></span> <span class='ocrx_word' id='word_1_68' title='bbox 593 1448 748 1511; x_wconf 88' lang='lat' dir='ltr'><strong>umquam</strong></span> <span class='ocrx_word' id='word_1_69' title='bbox 763 1436 980 1491; x_wconf 86' lang='lat' dir='ltr'><strong>antecessores</strong></span> <span class='ocrx_word' id='word_1_70' title='bbox 993 1427 1081 1491; x_wconf 87' lang='lat' dir='ltr'><strong>illius</strong></span> <span class='ocrx_word' id='word_1_71' title='bbox 1099 1427 1239 1511; x_wconf 87' lang='lat' dir='ltr'><strong>aliquam</strong></span> <span class='ocrx_word' id='word_1_72' title='bbox 1253 1426 1300 1491; x_wconf 88' lang='lat' dir='ltr'><strong>ibi</strong></span> 
     </span>
     <span class='ocr_line' id='line_1_11' title="bbox 196 1529 1300 1613; baseline 0 -20"><span class='ocrx_word' id='word_1_73' title='bbox 196 1530 363 1594; x_wconf 88' lang='lat' dir='ltr'><strong>baberent.</strong></span> <span class='ocrx_word' id='word_1_74' title='bbox 408 1530 452 1595; x_wconf 88' lang='lat' dir='ltr'><strong>Et</strong></span> <span class='ocrx_word' id='word_1_75' title='bbox 467 1530 494 1593; x_wconf 89' lang='lat' dir='ltr'><strong>si</strong></span> <span class='ocrx_word' id='word_1_76' title='bbox 509 1537 578 1594; x_wconf 86' lang='lat' dir='ltr'><strong>erat</strong></span> <span class='ocrx_word' id='word_1_77' title='bbox 592 1550 757 1613; x_wconf 90' lang='lat' dir='ltr'><strong>umquam,</strong></span> <span class='ocrx_word' id='word_1_78' title='bbox 770 1530 841 1613; x_wconf 89' lang='lat' dir='ltr'><strong>jam</strong></span> <span class='ocrx_word' id='word_1_79' title='bbox 856 1550 928 1593; x_wconf 87' lang='lat' dir='ltr'><strong>m.</strong></span> <span class='ocrx_word' id='word_1_80' title='bbox 945 1529 1039 1593; x_wconf 91' lang='lat' dir='ltr'><strong>annis</strong></span> <span class='ocrx_word' id='word_1_81' title='bbox 1058 1536 1093 1593; x_wconf 92' lang='lat' dir='ltr'><strong>et</strong></span> <span class='ocrx_word' id='word_1_82' title='bbox 1108 1551 1148 1594; x_wconf 89' lang='lat' dir='ltr'><strong>eo</strong></span> <span class='ocrx_word' id='word_1_83' title='bbox 1162 1530 1300 1613; x_wconf 90' lang='lat' dir='ltr'><strong>amplius</strong></span> 
     </span>
     <span class='ocr_line' id='line_1_12' title="bbox 196 1630 1300 1716; baseline -0.005 -17"><span class='ocrx_word' id='word_1_84' title='bbox 196 1654 294 1699; x_wconf 89' lang='lat' dir='ltr'><strong>nemo</strong></span> <span class='ocrx_word' id='word_1_85' title='bbox 310 1633 413 1711; x_wconf 92' lang='lat' dir='ltr'><strong>illum,</strong></span> <span class='ocrx_word' id='word_1_86' title='bbox 428 1652 533 1716; x_wconf 89' lang='lat' dir='ltr'><strong>nequo</strong></span> <span class='ocrx_word' id='word_1_87' title='bbox 548 1638 765 1695; x_wconf 83' lang='lat' dir='ltr'><strong>antecessores</strong></span> <span class='ocrx_word' id='word_1_88' title='bbox 784 1632 865 1715; x_wconf 90' lang='lat' dir='ltr'><strong>ejus,</strong></span> <span class='ocrx_word' id='word_1_89' title='bbox 880 1630 1102 1715; x_wconf 88' lang='lat' dir='ltr'><strong>hujuscemodi</strong></span> <span class='ocrx_word' id='word_1_90' title='bbox 1119 1638 1213 1715; x_wconf 89' lang='lat' dir='ltr'><strong>pastu</strong></span> <span class='ocrx_word' id='word_1_91' title='bbox 1227 1631 1300 1715; x_wconf 87' lang='lat' dir='ltr'><strong>pul-</strong></span> 
     </span>
     <span class='ocr_line' id='line_1_13' title="bbox 196 1733 1299 1819; baseline -0.003 -18"><span class='ocrx_word' id='word_1_92' title='bbox 196 1744 282 1801; x_wconf 88' lang='lat' dir='ltr'><strong>saret</strong></span> <span class='ocrx_word' id='word_1_93' title='bbox 296 1756 400 1819; x_wconf 92' lang='lat' dir='ltr'><strong>neque</strong></span> <span class='ocrx_word' id='word_1_94' title='bbox 413 1742 571 1819; x_wconf 84' lang='lat' dir='ltr'><strong>tangeret.</strong></span> <span class='ocrx_word' id='word_1_95' title='bbox 611 1734 799 1800; x_wconf 88' lang='lat' dir='ltr'><strong>Deneberht</strong></span> <span class='ocrx_word' id='word_1_96' title='bbox 814 1743 923 1798; x_wconf 91' lang='lat' dir='ltr'><strong>autem</strong></span> <span class='ocrx_word' id='word_1_97' title='bbox 937 1754 1012 1799; x_wconf 86' lang='lat' dir='ltr'><strong>cum</strong></span> <span class='ocrx_word' id='word_1_98' title='bbox 1025 1733 1211 1800; x_wconf 88' lang='lat' dir='ltr'><strong>testimonio</strong></span> <span class='ocrx_word' id='word_1_99' title='bbox 1224 1755 1299 1798; x_wconf 86' lang='lat' dir='ltr'><strong>nar-</strong></span> 
     </span>
     <span class='ocr_line' id='line_1_14' title="bbox 197 1836 1299 1922; baseline -0.002 -19"><span class='ocrx_word' id='word_1_100' title='bbox 197 1839 300 1918; x_wconf 89' lang='lat' dir='ltr'><strong>rabat,</strong></span> <span class='ocrx_word' id='word_1_101' title='bbox 321 1845 359 1903; x_wconf 90' lang='lat' dir='ltr'><strong>ut</strong></span> <span class='ocrx_word' id='word_1_102' title='bbox 381 1836 575 1903; x_wconf 90' lang='lat' dir='ltr'><strong>Uuermund</strong></span> <span class='ocrx_word' id='word_1_103' title='bbox 592 1837 759 1922; x_wconf 88' lang='lat' dir='ltr'><strong>episcopus</strong></span> <span class='ocrx_word' id='word_1_104' title='bbox 775 1845 905 1921; x_wconf 89' lang='lat' dir='ltr'><strong>pastum</strong></span> <span class='ocrx_word' id='word_1_105' title='bbox 922 1836 1081 1921; x_wconf 88' lang='lat' dir='ltr'><strong>acciperet</strong></span> <span class='ocrx_word' id='word_1_106' title='bbox 1098 1845 1141 1902; x_wconf 76' lang='lat' dir='ltr'><strong>at</strong></span> <span class='ocrx_word' id='word_1_107' title='bbox 1157 1838 1299 1901; x_wconf 91' lang='lat' dir='ltr'><strong>Beccan·</strong></span> 
     </span>
     <span class='ocr_line' id='line_1_15' title="bbox 197 1939 1301 2025; baseline -0.004 -18"><span class='ocrx_word' id='word_1_108' title='bbox 197 1944 299 2022; x_wconf 82' lang='lat' dir='ltr'><strong>forda,</strong></span> <span class='ocrx_word' id='word_1_109' title='bbox 331 1942 525 2007; x_wconf 79' lang='lat' dir='ltr'><strong>Haitoredus</strong></span> <span class='ocrx_word' id='word_1_110' title='bbox 555 1941 704 2007; x_wconf 85' lang='lat' dir='ltr'><strong>similiter</strong></span> <span class='ocrx_word' id='word_1_111' title='bbox 737 1948 780 2005; x_wconf 84' lang='lat' dir='ltr'><strong>oet</strong></span> <span class='ocrx_word' id='word_1_112' title='bbox 816 1939 1073 2019; x_wconf 86' lang='lat' dir='ltr'><strong>Oaltanhomme,</strong></span> <span class='ocrx_word' id='word_1_113' title='bbox 1101 1941 1233 2025; x_wconf 87' lang='lat' dir='ltr'><strong>insuper</strong></span> <span class='ocrx_word' id='word_1_114' title='bbox 1266 1948 1301 2005; x_wconf 85' lang='lat' dir='ltr'><strong>et</strong></span> 
     </span>
     <span class='ocr_line' id='line_1_16' title="bbox 196 2044 1300 2131; baseline -0.001 -22"><span class='ocrx_word' id='word_1_115' title='bbox 196 2047 264 2131; x_wconf 92' lang='lat' dir='ltr'><strong>ipse</strong></span> <span class='ocrx_word' id='word_1_116' title='bbox 287 2044 483 2109; x_wconf 87' lang='lat' dir='ltr'><strong>Wulfbeard</strong></span> <span class='ocrx_word' id='word_1_117' title='bbox 507 2044 537 2108; x_wconf 93' lang='lat' dir='ltr'><strong>ei</strong></span> <span class='ocrx_word' id='word_1_118' title='bbox 559 2044 729 2129; x_wconf 90' lang='lat' dir='ltr'><strong>pecuniam</strong></span> <span class='ocrx_word' id='word_1_119' title='bbox 751 2044 843 2109; x_wconf 87' lang='lat' dir='ltr'><strong>daret</strong></span> <span class='ocrx_word' id='word_1_120' title='bbox 864 2065 922 2127; x_wconf 93' lang='lat' dir='ltr'><strong>pro</strong></span> <span class='ocrx_word' id='word_1_121' title='bbox 943 2051 1049 2128; x_wconf 89' lang='lat' dir='ltr'><strong>pastu,</strong></span> <span class='ocrx_word' id='word_1_122' title='bbox 1071 2044 1204 2128; x_wconf 72' lang='lat' dir='ltr'><strong>hecque</strong></span> <span class='ocrx_word' id='word_1_123' title='bbox 1225 2066 1300 2110; x_wconf 93' lang='lat' dir='ltr'><strong>cum</strong></span> 
     </span>
     <span class='ocr_line' id='line_1_17' title="bbox 196 2146 1300 2231; baseline 0 -18"><span class='ocrx_word' id='word_1_124' title='bbox 196 2146 383 2213; x_wconf 88' lang='lat' dir='ltr'><strong>testimonio</strong></span> <span class='ocrx_word' id='word_1_125' title='bbox 397 2146 616 2231; x_wconf 80' lang='lat' dir='ltr'><strong>conprobavit.</strong></span> <span class='ocrx_word' id='word_1_126' title='bbox 661 2146 745 2211; x_wconf 86' lang='lat' dir='ltr'><strong>Cum</strong></span> <span class='ocrx_word' id='word_1_127' title='bbox 760 2166 836 2212; x_wconf 89' lang='lat' dir='ltr'><strong>vero</strong></span> <span class='ocrx_word' id='word_1_128' title='bbox 849 2146 1071 2231; x_wconf 90' lang='lat' dir='ltr'><strong>hujuscemodi</strong></span> <span class='ocrx_word' id='word_1_129' title='bbox 1084 2148 1161 2212; x_wconf 87' lang='lat' dir='ltr'><strong>hinc</strong></span> <span class='ocrx_word' id='word_1_130' title='bbox 1175 2155 1210 2213; x_wconf 92' lang='lat' dir='ltr'><strong>et</strong></span> <span class='ocrx_word' id='word_1_131' title='bbox 1223 2148 1300 2213; x_wconf 91' lang='lat' dir='ltr'><strong>iude</strong></span> 
     </span>
     <span class='ocr_line' id='line_1_18' title="bbox 199 2249 1297 2329; baseline -0.001 -14"><span class='ocrx_word' id='word_1_132' title='bbox 199 2252 304 2316; x_wconf 90' lang='lat' dir='ltr'><strong>multa</strong></span> <span class='ocrx_word' id='word_1_133' title='bbox 331 2249 579 2329; x_wconf 90' lang='lat' dir='ltr'><strong>contenderunt,</strong></span> <span class='ocrx_word' id='word_1_134' title='bbox 603 2258 736 2314; x_wconf 89' lang='lat' dir='ltr'><strong>ventum</strong></span> <span class='ocrx_word' id='word_1_135' title='bbox 765 2257 816 2314; x_wconf 87' lang='lat' dir='ltr'><strong>est</strong></span> <span class='ocrx_word' id='word_1_136' title='bbox 845 2249 887 2313; x_wconf 90' lang='lat' dir='ltr'><strong>ad</strong></span> <span class='ocrx_word' id='word_1_137' title='bbox 915 2271 1107 2328; x_wconf 88' lang='lat' dir='ltr'><strong>sermonem,</strong></span> <span class='ocrx_word' id='word_1_138' title='bbox 1131 2260 1168 2314; x_wconf 93' lang='lat' dir='ltr'><strong>ut</strong></span> <span class='ocrx_word' id='word_1_139' title='bbox 1193 2251 1297 2315; x_wconf 88' lang='lat' dir='ltr'><strong>archi·</strong></span> 
     </span>
     <span class='ocr_line' id='line_1_19' title="bbox 196 2351 1301 2437; baseline -0.001 -19"><span class='ocrx_word' id='word_1_140' title='bbox 196 2354 364 2437; x_wconf 87' lang='lat' dir='ltr'><strong>episcopus</strong></span> <span class='ocrx_word' id='word_1_141' title='bbox 393 2351 636 2417; x_wconf 86' lang='lat' dir='ltr'><strong>Deneberhtum</strong></span> <span class='ocrx_word' id='word_1_142' title='bbox 665 2352 798 2435; x_wconf 80' lang='lat' dir='ltr'><strong>rogabat</strong></span> <span class='ocrx_word' id='word_1_143' title='bbox 821 2352 954 2416; x_wconf 87' lang='lat' dir='ltr'><strong>dimidia</strong></span> <span class='ocrx_word' id='word_1_144' title='bbox 983 2352 1044 2416; x_wconf 91' lang='lat' dir='ltr'><strong>sibi</strong></span> <span class='ocrx_word' id='word_1_145' title='bbox 1070 2352 1167 2437; x_wconf 89' lang='lat' dir='ltr'><strong>hujus</strong></span> <span class='ocrx_word' id='word_1_146' title='bbox 1190 2360 1301 2436; x_wconf 87' lang='lat' dir='ltr'><strong>pastus</strong></span> 
     </span>
     <span class='ocr_line' id='line_1_20' title="bbox 198 2454 1300 2541; baseline -0.002 -20"><span class='ocrx_word' id='word_1_147' title='bbox 198 2464 347 2541; x_wconf 84' lang='lat' dir='ltr'><strong>praestare</strong></span> <span class='ocrx_word' id='word_1_148' title='bbox 369 2462 403 2520; x_wconf 89' lang='lat' dir='ltr'><strong>et</strong></span> <span class='ocrx_word' id='word_1_149' title='bbox 424 2454 525 2519; x_wconf 88' lang='lat' dir='ltr'><strong>altero</strong></span> <span class='ocrx_word' id='word_1_150' title='bbox 545 2474 630 2518; x_wconf 90' lang='lat' dir='ltr'><strong>anno</strong></span> <span class='ocrx_word' id='word_1_151' title='bbox 647 2474 772 2537; x_wconf 87' lang='lat' dir='ltr'><strong>semper</strong></span> <span class='ocrx_word' id='word_1_152' title='bbox 791 2461 834 2519; x_wconf 81' lang='lat' dir='ltr'><strong>aet</strong></span> <span class='ocrx_word' id='word_1_153' title='bbox 851 2454 1069 2520; x_wconf 89' lang='lat' dir='ltr'><strong>Beccanforda</strong></span> <span class='ocrx_word' id='word_1_154' title='bbox 1090 2476 1182 2519; x_wconf 91' lang='lat' dir='ltr'><strong>suam</strong></span> <span class='ocrx_word' id='word_1_155' title='bbox 1200 2455 1300 2519; x_wconf 86' lang='lat' dir='ltr'><strong>refec-</strong></span> 
     </span>
     <span class='ocr_line' id='line_1_21' title="bbox 197 2556 1299 2643; baseline -0.003 -18"><span class='ocrx_word' id='word_1_156' title='bbox 197 2561 321 2625; x_wconf 87' lang='lat' dir='ltr'><strong>tionem</strong></span> <span class='ocrx_word' id='word_1_157' title='bbox 347 2557 512 2643; x_wconf 86' lang='lat' dir='ltr'><strong>acciperet,</strong></span> <span class='ocrx_word' id='word_1_158' title='bbox 538 2556 638 2622; x_wconf 88' lang='lat' dir='ltr'><strong>altero</strong></span> <span class='ocrx_word' id='word_1_159' title='bbox 664 2565 706 2622; x_wconf 85' lang='lat' dir='ltr'><strong>aet</strong></span> <span class='ocrx_word' id='word_1_160' title='bbox 730 2556 985 2622; x_wconf 84' lang='lat' dir='ltr'><strong>Celtanbomme.</strong></span> <span class='ocrx_word' id='word_1_161' title='bbox 1031 2558 1093 2623; x_wconf 92' lang='lat' dir='ltr'><strong>Ille</strong></span> <span class='ocrx_word' id='word_1_162' title='bbox 1118 2567 1227 2624; x_wconf 90' lang='lat' dir='ltr'><strong>autem</strong></span> <span class='ocrx_word' id='word_1_163' title='bbox 1249 2581 1299 2622; x_wconf 90' lang='lat' dir='ltr'><strong>re·</strong></span> 
     </span>
     <span class='ocr_line' id='line_1_22' title="bbox 198 2659 1300 2746; baseline -0.002 -20"><span class='ocrx_word' id='word_1_164' title='bbox 198 2661 383 2746; x_wconf 87' lang='lat' dir='ltr'><strong>spondebat,</strong></span> <span class='ocrx_word' id='word_1_165' title='bbox 400 2682 434 2724; x_wconf 89' lang='lat' dir='ltr'><strong>se</strong></span> <span class='ocrx_word' id='word_1_166' title='bbox 453 2667 486 2724; x_wconf 90' lang='lat' dir='ltr'><strong>et</strong></span> <span class='ocrx_word' id='word_1_167' title='bbox 500 2659 580 2724; x_wconf 89' lang='lat' dir='ltr'><strong>vella</strong></span> <span class='ocrx_word' id='word_1_168' title='bbox 597 2669 631 2724; x_wconf 87' lang='lat' dir='ltr'><strong>et</strong></span> <span class='ocrx_word' id='word_1_169' title='bbox 648 2659 763 2724; x_wconf 89' lang='lat' dir='ltr'><strong>debere</strong></span> <span class='ocrx_word' id='word_1_170' title='bbox 782 2661 818 2723; x_wconf 91' lang='lat' dir='ltr'><strong>in</strong></span> <span class='ocrx_word' id='word_1_171' title='bbox 836 2659 986 2724; x_wconf 90' lang='lat' dir='ltr'><strong>omnibus</strong></span> <span class='ocrx_word' id='word_1_172' title='bbox 1006 2661 1075 2744; x_wconf 90' lang='lat' dir='ltr'><strong>ejus</strong></span> <span class='ocrx_word' id='word_1_173' title='bbox 1095 2683 1205 2743; x_wconf 88' lang='lat' dir='ltr'><strong>parere</strong></span> <span class='ocrx_word' id='word_1_174' title='bbox 1219 2683 1300 2744; x_wconf 83' lang='lat' dir='ltr'><strong>prae-</strong></span> 
     </span>
     <span class='ocr_line' id='line_1_23' title="bbox 198 2761 1299 2850; baseline -0.003 -20"><span class='ocrx_word' id='word_1_175' title='bbox 198 2765 299 2850; x_wconf 90' lang='lat' dir='ltr'><strong>ceptis</strong></span> <span class='ocrx_word' id='word_1_176' title='bbox 307 2791 317 2842; x_wconf 82' lang='lat'>3</span> <span class='ocrx_word' id='word_1_177' title='bbox 341 2763 403 2828; x_wconf 90' lang='lat' dir='ltr'><strong>hoc</strong></span> <span class='ocrx_word' id='word_1_178' title='bbox 419 2761 515 2826; x_wconf 90' lang='lat' dir='ltr'><strong>modo</strong></span> <span class='ocrx_word' id='word_1_179' title='bbox 533 2771 642 2826; x_wconf 89' lang='lat' dir='ltr'><strong>tamen</strong></span> <span class='ocrx_word' id='word_1_180' title='bbox 662 2763 697 2826; x_wconf 92' lang='lat' dir='ltr'><strong>in</strong></span> <span class='ocrx_word' id='word_1_181' title='bbox 712 2762 900 2827; x_wconf 88' lang='lat' dir='ltr'><strong>testimonio</strong></span> <span class='ocrx_word' id='word_1_182' title='bbox 913 2762 1015 2826; x_wconf 89' lang='lat' dir='ltr'><strong>totius</strong></span> <span class='ocrx_word' id='word_1_183' title='bbox 1034 2763 1139 2827; x_wconf 93' lang='lat' dir='ltr'><strong>sinodi</strong></span> <span class='ocrx_word' id='word_1_184' title='bbox 1156 2763 1192 2826; x_wconf 91' lang='lat' dir='ltr'><strong>in</strong></span> <span class='ocrx_word' id='word_1_185' title='bbox 1213 2763 1299 2827; x_wconf 92' lang='lat' dir='ltr'><strong>diem</strong></span> 
     </span>
     <span class='ocr_line' id='line_1_24' title="bbox 198 2863 1301 2952; baseline -0.003 -20"><span class='ocrx_word' id='word_1_186' title='bbox 198 2869 268 2952; x_wconf 87' lang='lat' dir='ltr'><strong>ejus</strong></span> <span class='ocrx_word' id='word_1_187' title='bbox 290 2874 432 2951; x_wconf 80' lang='lat' dir='ltr'><strong>prestare</strong></span> <span class='ocrx_word' id='word_1_188' title='bbox 455 2871 487 2928; x_wconf 89' lang='lat' dir='ltr'><strong>et</strong></span> <span class='ocrx_word' id='word_1_189' title='bbox 507 2885 574 2929; x_wconf 91' lang='lat' dir='ltr'><strong>non</strong></span> <span class='ocrx_word' id='word_1_190' title='bbox 598 2865 754 2949; x_wconf 86' lang='lat' dir='ltr'><strong>amplius;</strong></span> <span class='ocrx_word' id='word_1_191' title='bbox 783 2863 880 2948; x_wconf 89' lang='lat' dir='ltr'><strong>idque</strong></span> <span class='ocrx_word' id='word_1_192' title='bbox 901 2865 1019 2928; x_wconf 87' lang='lat' dir='ltr'><strong>litteris</strong></span> <span class='ocrx_word' id='word_1_193' title='bbox 1040 2866 1239 2943; x_wconf 86' lang='lat' dir='ltr'><strong>confirmare,</strong></span> <span class='ocrx_word' id='word_1_194' title='bbox 1263 2875 1301 2930; x_wconf 90' lang='lat' dir='ltr'><strong>ut</strong></span> 
     </span>
     <span class='ocr_line' id='line_1_25' title="bbox 198 2966 1301 3052; baseline -0.005 -17"><span class='ocrx_word' id='word_1_195' title='bbox 198 2971 302 3036; x_wconf 89' lang='lat' dir='ltr'><strong>sciant</strong></span> <span class='ocrx_word' id='word_1_196' title='bbox 323 2988 433 3033; x_wconf 88' lang='lat' dir='ltr'><strong>omnes</strong></span> <span class='ocrx_word' id='word_1_197' title='bbox 451 2967 507 3052; x_wconf 91' lang='lat' dir='ltr'><strong>qui</strong></span> <span class='ocrx_word' id='word_1_198' title='bbox 521 2969 592 3052; x_wconf 87' lang='lat' dir='ltr'><strong>ejus</strong></span> <span class='ocrx_word' id='word_1_199' title='bbox 613 2975 689 3030; x_wconf 88' lang='lat' dir='ltr'><strong>sunt</strong></span> <span class='ocrx_word' id='word_1_200' title='bbox 709 2987 917 3045; x_wconf 87' lang='lat' dir='ltr'><strong>successores,</strong></span> <span class='ocrx_word' id='word_1_201' title='bbox 934 2966 1019 3051; x_wconf 90' lang='lat' dir='ltr'><strong>quod</strong></span> <span class='ocrx_word' id='word_1_202' title='bbox 1039 2966 1107 3051; x_wconf 89' lang='lat' dir='ltr'><strong>ipse</strong></span> <span class='ocrx_word' id='word_1_203' title='bbox 1123 2988 1301 3051; x_wconf 85' lang='lat' dir='ltr'><strong>numquam</strong></span> 
     </span>
     <span class='ocr_line' id='line_1_26' title="bbox 198 3065 1302 3151; baseline -0.002 -17"><span class='ocrx_word' id='word_1_204' title='bbox 198 3068 386 3134; x_wconf 89' lang='lat' dir='ltr'><strong>intermittit</strong></span> <span class='ocrx_word' id='word_1_205' title='bbox 408 3066 494 3151; x_wconf 89' lang='lat' dir='ltr'><strong>quod</strong></span> <span class='ocrx_word' id='word_1_206' title='bbox 510 3065 758 3149; x_wconf 82' lang='lat' dir='ltr'><strong>Uueogarnensi</strong></span> <span class='ocrx_word' id='word_1_207' title='bbox 780 3065 932 3130; x_wconf 87' lang='lat' dir='ltr'><strong>aecclesie</strong></span> <span class='ocrx_word' id='word_1_208' title='bbox 955 3065 997 3129; x_wconf 87' lang='lat' dir='ltr'><strong>ad</strong></span> <span class='ocrx_word' id='word_1_209' title='bbox 1018 3067 1193 3130; x_wconf 88' lang='lat' dir='ltr'><strong>utilitatem</strong></span> <span class='ocrx_word' id='word_1_210' title='bbox 1214 3074 1302 3132; x_wconf 88' lang='lat' dir='ltr'><strong>recte</strong></span> 
     </span>
     <span class='ocr_line' id='line_1_27' title="bbox 198 3167 1301 3257; baseline -0.004 -22"><span class='ocrx_word' id='word_1_211' title='bbox 198 3171 347 3257; x_wconf 88' lang='lat' dir='ltr'><strong>pertinet.</strong></span> <span class='ocrx_word' id='word_1_212' title='bbox 394 3171 486 3236; x_wconf 91' lang='lat' dir='ltr'><strong>Haec</strong></span> <span class='ocrx_word' id='word_1_213' title='bbox 501 3177 611 3234; x_wconf 88' lang='lat' dir='ltr'><strong>autem</strong></span> <span class='ocrx_word' id='word_1_214' title='bbox 626 3169 713 3252; x_wconf 87' lang='lat' dir='ltr'><strong>pacis</strong></span> <span class='ocrx_word' id='word_1_215' title='bbox 728 3167 913 3233; x_wconf 86' lang='lat' dir='ltr'><strong>conciliatio</strong></span> <span class='ocrx_word' id='word_1_216' title='bbox 926 3168 1012 3232; x_wconf 85' lang='lat' dir='ltr'><strong>facta</strong></span> <span class='ocrx_word' id='word_1_217' title='bbox 1025 3176 1075 3232; x_wconf 88' lang='lat' dir='ltr'><strong>est</strong></span> <span class='ocrx_word' id='word_1_218' title='bbox 1089 3169 1149 3232; x_wconf 91' lang='lat' dir='ltr'><strong>sub</strong></span> <span class='ocrx_word' id='word_1_219' title='bbox 1165 3169 1217 3232; x_wconf 91' lang='lat' dir='ltr'><strong>die</strong></span> <span class='ocrx_word' id='word_1_220' title='bbox 1232 3189 1301 3232; x_wconf 89' lang='lat'><strong>1111.</strong></span> 
     </span>
     <span class='ocr_line' id='line_1_28' title="bbox 199 3271 1303 3355; baseline -0.005 -16"><span class='ocrx_word' id='word_1_221' title='bbox 199 3275 319 3339; x_wconf 89' lang='lat' dir='ltr'><strong>Iduum</strong></span> <span class='ocrx_word' id='word_1_222' title='bbox 333 3273 535 3338; x_wconf 89' lang='lat' dir='ltr'><strong>Octobrium.</strong></span> <span class='ocrx_word' id='word_1_223' title='bbox 580 3271 705 3337; x_wconf 89' lang='lat' dir='ltr'><strong>Eodem</strong></span> <span class='ocrx_word' id='word_1_224' title='bbox 721 3271 782 3350; x_wconf 90' lang='lat' dir='ltr'><strong>die,</strong></span> <span class='ocrx_word' id='word_1_225' title='bbox 798 3272 835 3334; x_wconf 93' lang='lat' dir='ltr'><strong>in</strong></span> <span class='ocrx_word' id='word_1_226' title='bbox 852 3271 951 3335; x_wconf 91' lang='lat' dir='ltr'><strong>simili</strong></span> <span class='ocrx_word' id='word_1_227' title='bbox 969 3271 1176 3336; x_wconf 90' lang='lat' dir='ltr'><strong>contentione</strong></span> <span class='ocrx_word' id='word_1_228' title='bbox 1193 3272 1303 3355; x_wconf 87' lang='lat' dir='ltr'><strong>placiti</strong></span> 
     </span>
     <span class='ocr_line' id='line_1_29' title="bbox 198 3372 1301 3457; baseline -0.005 -15"><span class='ocrx_word' id='word_1_229' title='bbox 198 3387 274 3442; x_wconf 88' lang='lat' dir='ltr'><strong>sunt</strong></span> <span class='ocrx_word' id='word_1_230' title='bbox 297 3375 562 3454; x_wconf 89' lang='lat' dir='ltr'><strong>Werenberbtus,</strong></span> <span class='ocrx_word' id='word_1_231' title='bbox 588 3373 903 3440; x_wconf 89' lang='lat' dir='ltr'><strong>Mediterraneorum</strong></span> <span class='ocrx_word' id='word_1_232' title='bbox 923 3372 1104 3455; x_wconf 80' lang='lat' dir='ltr'><strong>Anglorum</strong></span> <span class='ocrx_word' id='word_1_233' title='bbox 1124 3373 1301 3457; x_wconf 89' lang='lat' dir='ltr'><strong>episcopus,</strong></span> 
     </span>
     <span class='ocr_line' id='line_1_30' title="bbox 198 3474 1302 3560; baseline -0.005 -15"><span class='ocrx_word' id='word_1_234' title='bbox 198 3492 232 3546; x_wconf 91' lang='lat' dir='ltr'><strong>et</strong></span> <span class='ocrx_word' id='word_1_235' title='bbox 243 3479 393 3544; x_wconf 74' lang='lat' dir='ltr'><strong>aldulfus</strong></span> <span class='ocrx_word' id='word_1_236' title='bbox 403 3476 647 3544; x_wconf 85' lang='lat' dir='ltr'><strong>Licetfeldensis</strong></span> <span class='ocrx_word' id='word_1_237' title='bbox 656 3476 771 3560; x_wconf 77' lang='lat' dir='ltr'><strong>praesul</strong></span> <span class='ocrx_word' id='word_1_238' title='bbox 776 3501 785 3554; x_wconf 90' lang='lat'>;</span> <span class='ocrx_word' id='word_1_239' title='bbox 803 3474 1026 3557; x_wconf 82' lang='lat' dir='ltr'><strong>Uuigberhtus</strong></span> <span class='ocrx_word' id='word_1_240' title='bbox 1040 3474 1188 3538; x_wconf 90' lang='lat' dir='ltr'><strong>similiter</strong></span> <span class='ocrx_word' id='word_1_241' title='bbox 1197 3477 1302 3539; x_wconf 88' lang='lat' dir='ltr'><strong>Scira-</strong></span> 
     </span>
     <span class='ocr_line' id='line_1_31' title="bbox 200 3578 1300 3661; baseline -0.005 -13"><span class='ocrx_word' id='word_1_242' title='bbox 200 3581 368 3648; x_wconf 88' lang='lat' dir='ltr'><strong>burnensis</strong></span> <span class='ocrx_word' id='word_1_243' title='bbox 391 3582 526 3646; x_wconf 89' lang='lat' dir='ltr'><strong>antistes</strong></span> <span class='ocrx_word' id='word_1_244' title='bbox 550 3588 583 3644; x_wconf 92' lang='lat' dir='ltr'><strong>et</strong></span> <span class='ocrx_word' id='word_1_245' title='bbox 601 3579 811 3643; x_wconf 86' lang='lat' dir='ltr'><strong>Alhmundus</strong></span> <span class='ocrx_word' id='word_1_246' title='bbox 826 3578 981 3641; x_wconf 86' lang='lat' dir='ltr'><strong>Wentani</strong></span> <span class='ocrx_word' id='word_1_247' title='bbox 1000 3586 1110 3661; x_wconf 87' lang='lat' dir='ltr'><strong>pastor</strong></span> <span class='ocrx_word' id='word_1_248' title='bbox 1129 3579 1300 3656; x_wconf 87' lang='lat' dir='ltr'><strong>aecclesiae,</strong></span> 
     </span>
     <span class='ocr_line' id='line_1_32' title="bbox 198 3680 1303 3768; baseline -0.005 -18"><span class='ocrx_word' id='word_1_249' title='bbox 198 3687 262 3750; x_wconf 88' lang='lat' dir='ltr'><strong>tale</strong></span> <span class='ocrx_word' id='word_1_250' title='bbox 286 3684 408 3768; x_wconf 89' lang='lat' dir='ltr'><strong>aliquid</strong></span> <span class='ocrx_word' id='word_1_251' title='bbox 436 3685 523 3747; x_wconf 89' lang='lat' dir='ltr'><strong>inter</strong></span> <span class='ocrx_word' id='word_1_252' title='bbox 546 3704 580 3746; x_wconf 88' lang='lat' dir='ltr'><strong>se</strong></span> <span class='ocrx_word' id='word_1_253' title='bbox 606 3682 772 3759; x_wconf 89' lang='lat' dir='ltr'><strong>habentes,</strong></span> <span class='ocrx_word' id='word_1_254' title='bbox 799 3702 911 3744; x_wconf 90' lang='lat' dir='ltr'><strong>omnes</strong></span> <span class='ocrx_word' id='word_1_255' title='bbox 932 3680 972 3743; x_wconf 88' lang='lat' dir='ltr'><strong>ad</strong></span> <span class='ocrx_word' id='word_1_256' title='bbox 994 3703 1068 3744; x_wconf 88' lang='lat' dir='ltr'><strong>vere</strong></span> <span class='ocrx_word' id='word_1_257' title='bbox 1091 3681 1303 3746; x_wconf 80' lang='lat' dir='ltr'><strong>fraternitatis</strong></span> 
     </span>
     <span class='ocr_line' id='line_1_33' title="bbox 198 3783 1303 3872; baseline -0.005 -19"><span class='ocrx_word' id='word_1_258' title='bbox 198 3809 309 3872; x_wconf 87' lang='lat' dir='ltr'><strong>pacem</strong></span> <span class='ocrx_word' id='word_1_259' title='bbox 338 3786 479 3866; x_wconf 87' lang='lat' dir='ltr'><strong>adunati,</strong></span> <span class='ocrx_word' id='word_1_260' title='bbox 511 3793 720 3869; x_wconf 82' lang='lat' dir='ltr'><strong>perrexerunt</strong></span> <span class='ocrx_word' id='word_1_261' title='bbox 748 3783 968 3867; x_wconf 89' lang='lat' dir='ltr'><strong>uuusquisque</strong></span> <span class='ocrx_word' id='word_1_262' title='bbox 998 3785 1039 3847; x_wconf 92' lang='lat' dir='ltr'><strong>ad</strong></span> <span class='ocrx_word' id='word_1_263' title='bbox 1068 3806 1169 3849; x_wconf 90' lang='lat' dir='ltr'><strong>suam.</strong></span> <span class='ocrx_word' id='word_1_264' title='bbox 1222 3786 1303 3848; x_wconf 87' lang='lat' dir='ltr'><strong>Erat</strong></span> 
     </span>
     <span class='ocr_line' id='line_1_34' title="bbox 198 3885 1076 3969; baseline -0.007 -14"><span class='ocrx_word' id='word_1_265' title='bbox 198 3897 306 3954; x_wconf 87' lang='lat' dir='ltr'><strong>autem</strong></span> <span class='ocrx_word' id='word_1_266' title='bbox 321 3887 389 3951; x_wconf 90' lang='lat' dir='ltr'><strong>dies</strong></span> <span class='ocrx_word' id='word_1_267' title='bbox 402 3908 433 3952; x_wconf 85' lang='lat' dir='ltr'><strong>v.</strong></span> <span class='ocrx_word' id='word_1_268' title='bbox 449 3887 538 3965; x_wconf 88' lang='lat' dir='ltr'><strong>feria,</strong></span> <span class='ocrx_word' id='word_1_269' title='bbox 555 3886 649 3950; x_wconf 91' lang='lat' dir='ltr'><strong>ethii</strong></span> <span class='ocrx_word' id='word_1_270' title='bbox 664 3893 741 3950; x_wconf 88' lang='lat' dir='ltr'><strong>sunt</strong></span> <span class='ocrx_word' id='word_1_271' title='bbox 755 3893 854 3949; x_wconf 83' lang='lat' dir='ltr'><strong>testes</strong></span> <span class='ocrx_word' id='word_1_272' title='bbox 868 3885 966 3969; x_wconf 74' lang='lat' dir='ltr'><strong>bnjus</strong></span> <span class='ocrx_word' id='word_1_273' title='bbox 980 3885 1076 3969; x_wconf 90' lang='lat' dir='ltr'><strong>pacis.</strong></span> 
     </span>
    </p>

    <p class='ocr_par' dir='ltr' id='par_1_3' title="bbox 198 3988 1308 4487">
     <span class='ocr_line' id='line_1_35' title="bbox 242 3988 1306 4075; baseline -0.003 -20"><span class='ocrx_word' id='word_1_274' title='bbox 242 3995 283 4074; x_wconf 72' lang='lat'><strong>›1‹</strong></span> <span class='ocrx_word' id='word_1_275' title='bbox 292 3993 364 4075; x_wconf 83' lang='lat' dir='ltr'><strong>Ego</strong></span> <span class='ocrx_word' id='word_1_276' title='bbox 375 3989 566 4054; x_wconf 74' lang='lat' dir='ltr'><strong>AEbilbaard</strong></span> <span class='ocrx_word' id='word_1_277' title='bbox 581 3989 838 4073; x_wconf 88' lang='lat' dir='ltr'><strong>archiepiscopus</strong></span> <span class='ocrx_word' id='word_1_278' title='bbox 851 3988 1008 4053; x_wconf 91' lang='lat' dir='ltr'><strong>consensi.</strong></span> <span class='ocrx_word' id='word_1_279' title='bbox 1045 3990 1084 4070; x_wconf 71' lang='lat'><strong>›1‹</strong></span> <span class='ocrx_word' id='word_1_280' title='bbox 1101 3990 1173 4072; x_wconf 85' lang='lat' dir='ltr'><strong>Ego</strong></span> <span class='ocrx_word' id='word_1_281' title='bbox 1188 3989 1306 4053; x_wconf 83' lang='lat' dir='ltr'><strong>Aldull</strong></span> 
     </span>
     <span class='ocr_line' id='line_1_36' title="bbox 204 4090 1308 4179; baseline -0.006 -19"><span class='ocrx_word' id='word_1_282' title='bbox 204 4095 380 4179; x_wconf 89' lang='lat' dir='ltr'><strong>episcopus.</strong></span> <span class='ocrx_word' id='word_1_283' title='bbox 427 4094 551 4175; x_wconf 72' lang='lat' dir='ltr'><strong>›1⁴Ego</strong></span> <span class='ocrx_word' id='word_1_284' title='bbox 576 4091 791 4155; x_wconf 89' lang='lat' dir='ltr'><strong>Werenberbt</strong></span> <span class='ocrx_word' id='word_1_285' title='bbox 815 4091 990 4174; x_wconf 87' lang='lat' dir='ltr'><strong>episcopus.</strong></span> <span class='ocrx_word' id='word_1_286' title='bbox 1038 4091 1078 4171; x_wconf 63' lang='grc' dir='ltr'><strong>»Β</strong></span> <span class='ocrx_word' id='word_1_287' title='bbox 1091 4091 1161 4172; x_wconf 79' lang='lat' dir='ltr'><strong>Ego</strong></span> <span class='ocrx_word' id='word_1_288' title='bbox 1185 4090 1308 4154; x_wconf 82' lang='lat' dir='ltr'><strong>Eadulf</strong></span> 
     </span>
     <span class='ocr_line' id='line_1_37' title="bbox 198 4192 1303 4282; baseline -0.006 -19"><span class='ocrx_word' id='word_1_289' title='bbox 198 4199 373 4282; x_wconf 90' lang='lat' dir='ltr'><strong>episcopus.</strong></span> <span class='ocrx_word' id='word_1_290' title='bbox 434 4199 474 4276; x_wconf 73' lang='lat'><strong>›1‹</strong></span> <span class='ocrx_word' id='word_1_291' title='bbox 491 4197 563 4278; x_wconf 85' lang='lat' dir='ltr'><strong>Ego</strong></span> <span class='ocrx_word' id='word_1_292' title='bbox 578 4194 765 4259; x_wconf 89' lang='lat' dir='ltr'><strong>Deneberht</strong></span> <span class='ocrx_word' id='word_1_293' title='bbox 785 4195 961 4278; x_wconf 89' lang='lat' dir='ltr'><strong>episcopus.</strong></span> <span class='ocrx_word' id='word_1_294' title='bbox 1019 4194 1058 4273; x_wconf 65' lang='lat' dir='ltr'><strong>’l‘</strong></span> <span class='ocrx_word' id='word_1_295' title='bbox 1075 4195 1146 4275; x_wconf 86' lang='lat' dir='ltr'><strong>Ego</strong></span> <span class='ocrx_word' id='word_1_296' title='bbox 1160 4192 1303 4256; x_wconf 85' lang='lat' dir='ltr'><strong>Albeard</strong></span> 
     </span>
     <span class='ocr_line' id='line_1_38' title="bbox 199 4295 1304 4384; baseline -0.004 -21"><span class='ocrx_word' id='word_1_297' title='bbox 199 4301 374 4384; x_wconf 87' lang='lat' dir='ltr'><strong>episcopus.</strong></span> <span class='ocrx_word' id='word_1_298' title='bbox 434 4301 472 4380; x_wconf 53' lang='grc' dir='ltr'>ᾧ</span> <span class='ocrx_word' id='word_1_299' title='bbox 490 4299 561 4380; x_wconf 81' lang='lat' dir='ltr'><strong>Ego</strong></span> <span class='ocrx_word' id='word_1_300' title='bbox 584 4297 716 4361; x_wconf 67' lang='lat' dir='ltr'><strong>‘ridfert</strong></span> <span class='ocrx_word' id='word_1_301' title='bbox 746 4297 923 4381; x_wconf 90' lang='lat' dir='ltr'><strong>episcopus.</strong></span> <span class='ocrx_word' id='word_1_302' title='bbox 979 4296 1019 4378; x_wconf 62' lang='lat' dir='ltr'><strong>{a</strong></span> <span class='ocrx_word' id='word_1_303' title='bbox 1036 4296 1108 4378; x_wconf 81' lang='lat' dir='ltr'><strong>Ego</strong></span> <span class='ocrx_word' id='word_1_304' title='bbox 1130 4295 1304 4378; x_wconf 83' lang='lat' dir='ltr'><strong>Wigberht</strong></span> 
     </span>
     <span class='ocr_line' id='line_1_39' title="bbox 201 4423 378 4487; baseline -0.011 -19"><span class='ocrx_word' id='word_1_305' title='bbox 201 4423 378 4487; x_wconf 78' lang='lat' dir='ltr'><strong>episcopus.</strong></span> 
     </span>
    </p>
   </div>
   <div class='ocr_carea' id='block_1_3' title="bbox 0 0 1632 5125">
    <p class='ocr_par' dir='ltr' id='par_1_4' title="bbox 0 0 1632 5125">
     <span class='ocr_line' id='line_1_40' title="bbox 0 0 1632 5125; baseline 0 0"><span class='ocrx_word' id='word_1_306' title='bbox 0 0 1632 5125; x_wconf 95' lang='lat' dir='ltr'><strong> </strong></span> 
     </span>
    </p>
   </div>
  </div>
 </body>
</html>
