3234 5125
447 456 767 512 Miscmmuuoos
786 456 1002 513 OHABTERS.
1243 460 1278 512 35

356 670 375 707 ⁴¹
386 664 485 719 KING
504 664 713 720 nnoBERHT
731 666 779 721 OF
797 666 908 721 KENT.
945 666 1104 723 Deum.

213 810 385 894 Regnante
416 810 451 875 in
483 820 674 897 perpetuum
707 812 850 878 Domino
881 821 993 878 nostro
1024 814 1104 879 Jesu
1137 813 1276 880 Christo.

169 912 357 996 Unicuique
381 914 568 979 mortalium
596 914 661 980 vite
690 936 747 980 sue
775 914 934 979 terminus
962 916 1192 1000 omnipotentis
1214 914 1278 981 Dei

170 1015 409 1101 dispensatione
427 1017 570 1083 incertus
589 1038 658 1081 esse
677 1017 855 1083 dinoscitur
865 1044 875 1095 3
904 1018 993 1083 venit
1012 1018 1100 1083 enim
1118 1017 1278 1083 Dominus

170 1118 213 1183 ad
234 1118 431 1184 visitandum
452 1140 579 1184 servum
598 1141 693 1184 suum
713 1120 749 1185 in
766 1120 819 1185 die
841 1141 905 1205 qua
924 1142 994 1185 non
1015 1128 1132 1206 sperat,
1147 1128 1180 1186 et
1198 1121 1279 1185 hora

169 1241 235 1303 qua
248 1241 315 1284 non
328 1228 433 1306 putat.
480 1222 555 1289 Qua
568 1223 608 1287 de
626 1244 662 1287 re
677 1243 736 1307 ego
751 1222 933 1287 Radbertus
954 1245 1010 1288 rex
1026 1222 1278 1304 Canciae¹,anno

170 1322 384 1407 xxxv1⁰regni
399 1324 512 1403 nostri,
522 1346 588 1389 una
602 1346 677 1390 eum
692 1346 850 1389 consensu
861 1335 895 1389 et
906 1327 1039 1391 consilio
1050 1326 1279 1411 archiepiscopi

170 1425 334 1509 Bregwini
363 1434 396 1491 et
424 1427 607 1512 principum
640 1448 799 1507 meorum,
828 1449 887 1512 pro
920 1436 1032 1493 eterna
1059 1428 1279 1514 redemptione

171 1528 279 1592 anime
300 1550 382 1609 mee,
405 1528 526 1613 aliquid
548 1550 584 1593 ex
607 1529 658 1593 his
680 1551 743 1614 que
765 1529 846 1594 mihi
866 1529 952 1593 idem
974 1530 1042 1617 ipse
1063 1532 1225 1595 Dominus
1246 1538 1279 1595 et

173 1630 322 1695 Salvator
340 1638 459 1711 noster,
480 1640 671 1697 cunctorum
688 1632 847 1697 bonorum
866 1633 1009 1716 largitor,
1030 1632 1191 1713 tribuerit,
1213 1640 1278 1698 sta·

172 1741 269 1798 tuens
289 1734 407 1799 donare
426 1733 628 1800 decreveram
639 1761 649 1814 3
673 1735 707 1799 id
729 1743 788 1815 est,
816 1735 953 1799 duarum
970 1738 1099 1800 navium
1120 1744 1279 1801 transvec-

170 1836 272 1925 tionis
300 1858 442 1918 censum,
472 1837 528 1921 qui
557 1837 657 1902 etiam
674 1837 758 1922 juris
781 1838 883 1902 nostri
911 1838 1010 1924 [erat]
1037 1838 1074 1901 in
1094 1838 1165 1903 loco
1187 1839 1279 1923 cujus

170 1938 364 2005 vocabulum
392 1948 441 2004 est
471 1941 511 2004 ad
542 1942 655 2020 Serrae,
673 1941 767 2025 juxta
788 1940 980 2025 petitionem
1009 1939 1199 2005 venerabilis
1225 1939 1278 2004 ab·

171 2042 292 2107 batisse
323 2041 510 2128 Sigeburge,
534 2044 667 2128 ejusque
696 2064 784 2107 sacre
818 2043 1069 2108 conversationis
1094 2042 1216 2107 familie
1244 2044 1279 2108 in

171 2146 369 2210 monasterio
399 2146 510 2211 Sancti
532 2146 632 2225 Petri,
656 2147 742 2230 quod
764 2146 864 2209 situm
886 2153 936 2211 est
960 2146 997 2210 in
1017 2146 1124 2210 insula
1145 2148 1257 2211 Tenet
1267 2172 1278 2225 3

172 2249 426 2333 sieutaregibus
436 2248 1018 2329 Merciorum‚AEthilbaldovidelioet
1032 2248 1280 2313 clementissimo
1351 2330 1356 2338 ἱ

173 2360 208 2417 et
231 2372 307 2437 rege
328 2350 453 2433 Offanz
476 2353 572 2437 longe
600 2360 676 2417 ante
692 2373 880 2418 conoessum
899 2360 949 2416 est
970 2352 1131 2417 tributum
1152 2352 1189 2415 in
1209 2352 1280 2417 loco

173 2456 268 2540 cujus
290 2455 480 2521 vocabulum
505 2463 555 2521 est
576 2455 773 2521 Lundenwic
782 2482 792 2534 3
824 2455 955 2520 alterius
976 2477 1052 2520 vero
1074 2455 1160 2539 quod
1181 2476 1282 2540 nuper

174 2558 358 2624 edificatum
384 2558 493 2624 estin
518 2558 712 2650 monasterio
735 2558 878 2644 ejusdem
906 2558 1054 2644 religiose
1076 2556 1140 2623 Dei
1161 2557 1281 2625 famule

174 2684 272 2728 omne
291 2661 450 2728 tributum
465 2671 562 2748 atque
576 2663 713 2747 vectigal
731 2663 946 2742 concedimus,
962 2662 1048 2746 quod
1063 2661 1161 2725 etiam
1176 2682 1196 2724 a
1210 2661 1280 2727 the·

173 2765 326 2832 loneariis
344 2767 463 2830 nostris
478 2768 567 2852 juste
589 2764 759 2852 impetitur
780 2765 918 2850 publicis
938 2766 974 2828 in
993 2765 1072 2829 locis
1092 2785 1154 2849 que
1175 2763 1281 2849 appel-

173 2869 285 2934 lantur
299 2869 448 2934 Fordwik
462 2877 495 2934 et
511 2872 635 2936 Seorre.
683 2871 772 2934 Hinc
791 2869 892 2954 igitur
906 2868 1047 2953 precipio
1062 2875 1095 2932 et
1109 2888 1232 2952 precor,
1246 2867 1282 2933 in

173 2972 308 3037 nomine
329 2972 560 3058 omnipotentis
578 2972 652 3053 Dei,
671 2972 825 3058 patriciis,
846 2971 992 3050 ducibus,
1013 2970 1195 3051 comitibus,
1211 2970 1282 3034 the-

173 3073 336 3155 loneariis,
352 3075 547 3156 actionariis,
563 3075 700 3160 publicis
715 3073 937 3160 dignitatibus,
953 3081 991 3136 ut
1004 3073 1064 3138 hec
1081 3082 1192 3138 nostra
1206 3094 1282 3138 con-

174 3179 278 3243 cessio
292 3177 328 3242 in
343 3178 407 3242 Dei
422 3178 595 3244 donatione
612 3178 797 3244 eternaliter
811 3176 855 3242 sit
869 3177 1059 3242 confirmata
1067 3202 1079 3257 3
1101 3177 1149 3241 ita
1167 3185 1205 3242 ut
1223 3199 1283 3243 nec

173 3281 258 3346 mihi
271 3302 331 3346 nec
345 3281 442 3347 elicui
457 3303 675 3347 successorum
696 3301 854 3360 meorum,
872 3301 985 3364 regum
1005 3281 1070 3344 sive
1090 3280 1282 3366 principum,

174 3405 234 3449 seu
258 3384 429 3469 cujuslibet
458 3383 650 3450 conditionis
684 3383 908 3467 dignitatibus,
938 3383 1061 3448 nefario
1092 3384 1284 3450 temeritatis

174 3507 266 3567 ausu,
297 3487 337 3552 de
365 3487 549 3572 supradicta
577 3485 750 3551 donatione
778 3492 891 3550 nostra
920 3486 1041 3571 aliquid
1062 3487 1211 3552 daudme
1232 3486 1284 3552 vel

174 3589 323 3654 minuere
339 3589 446 3655 liceat.
493 3589 529 3654 Si
555 3597 664 3654 autem
686 3588 870 3673 eontigerit,
884 3596 923 3652 ut
944 3589 1035 3654 navis
1056 3589 1119 3654 ista
1135 3598 1232 3675 rupta
1250 3598 1284 3656 et

174 3691 341 3756 confracta
369 3691 424 3771 sit,
453 3691 504 3757 vel
533 3693 635 3756 nimia
662 3699 824 3758 vetustate
849 3699 1050 3776 consumpta,
1081 3692 1147 3756 sive
1172 3693 1282 3771 etiam,

176 3793 265 3879 quod
285 3792 378 3874 absit,
399 3794 566 3882 naufragio
585 3795 719 3880 perdita,
741 3803 779 3858 ut
800 3794 865 3859 alia
882 3795 918 3858 in
939 3795 1009 3859 loco
1026 3794 1115 3858 illins
1132 3795 1172 3860 ad
1193 3796 1282 3860 utili·

175 3904 279 3962 tatem
301 3897 422 3962 ibidem
444 3899 516 3963 Deo
538 3899 750 3963 serviencium
771 3897 966 3962 famulorum
981 3897 1103 3963 Christi
1125 3905 1158 3962 et
1179 3897 1282 3962 famu-

174 4002 281 4066 larum
304 4009 526 4081 construatur,
550 4001 589 4065 ad
612 4001 695 4065 hanc
717 4001 866 4065 videlicet
887 3999 1115 4080 conditionem,
1138 4008 1176 4064 ut
1196 4002 1283 4084 quie·

176 4105 255 4188 quid
274 4105 391 4169 insuia
406 4104 622 4169 mercimoniis
641 4105 675 4168 in
690 4103 823 4168 diversis
843 4103 1007 4190 speciebus
1026 4103 1193 4188 adquirere
1212 4125 1281 4186 pos

213 4283 222 4312 ¹
241 4279 399 4351 According
411 4284 440 4334 to
451 4279 527 4334 Beda
539 4279 588 4351 (H.
597 4279 630 4333 E.
641 4297 665 4334 v.
675 4279 733 4348 23),
742 4278 790 4332 the
802 4277 865 4332 Sex.
875 4277 983 4345 chron,
996 4277 1049 4330 and
1060 4275 1198 4346 Florence,
1210 4277 1284 4332 Esd-

175 4366 256 4421 berht
268 4365 416 4422 succeeded
428 4363 472 4420 his
480 4365 569 4420 father
579 4364 718 4419 Wibtreed
727 4364 756 4418 in
768 4364 829 4431 725,
839 4363 893 4417 and
905 4363 967 4418 died
979 4363 1008 4416 in
1019 4363 1078 4415 748.

212 4455 223 4485 ²
242 4452 304 4507 Offs
315 4451 427 4523 reigned
439 4451 509 4506 from
522 4451 572 4507 757
585 4457 613 4506 to
626 4451 685 4506 796.

1054 4539 1112 4600 n2
