3234 5125
485 454 806 513 msanLnNnons
825 456 1040 515 CHARTERS.
1262 458 1313 515 187

255 627 295 708 *1⁴
311 624 384 708 Ego
398 623 610 689 AE'delstanus
624 646 680 689 rex
694 626 756 690 hoc
771 625 893 691 donum
910 646 1020 691 meum
1034 627 1131 712 regite
1146 630 1315 713 potcstatis

210 723 360 788 libertate
375 724 572 789 confirmavi.

254 830 296 908 ιιι
311 827 384 911 Ego
397 826 581 891 Wulfhelm
603 827 748 913 archieps
775 826 861 891 banc
890 826 1097 893 donationem
1123 830 1186 894 siae
1212 829 1315 894 crucis

210 928 308 993 titulo
322 929 516 995 consecravi.

254 1034 295 1115 ᾧ
311 1032 382 1115 Ego
398 1032 594 1111 Frithmtam
610 1031 845 1096 Wintaniensis
859 1035 924 1117 ebs,
940 1032 1136 1116 consignavi.

254 1136 296 1217 ›1‹
311 1137 383 1218 Ego
398 1134 552 1221 peodred
569 1134 809 1199 Lnndoniensis
823 1139 890 1221 cira,
905 1135 1111 1201 consolidavi.

255 1240 295 1321 *1⁴
310 1239 382 1321 Ego
398 1237 549 1303 Cenwaltl
563 1241 618 1323 ciis
632 1238 825 1321 predictum
839 1238 962 1302 donum
976 1238 1175 1303 conlaudavi.

255 1343 295 1424 *1⁴
309 1342 383 1424 Ilgo
397 1340 472 1405 Oda
484 1344 540 1426 esra
555 1340 639 1405 hanc
654 1340 812 1404 cartulam
827 1340 1041 1405 corroboravi.

254 1446 295 1527 ᾧ
310 1444 383 1526 Ego
396 1444 548 1530 AEbelgar
562 1446 618 1529 ciis
632 1451 746 1508 sanda
758 1464 853 1508 omca
868 1444 994 1527 signavi
1008 1451 1041 1508 et
1056 1444 1208 1509 conclusi.

256 1548 295 1629 *1⁴
310 1548 383 1629 Ego
397 1546 536 1611 Alfwold
551 1544 626 1610 dux.
825 1549 866 1627 ᾧ
882 1548 955 1628 Ego
969 1546 1119 1611 AElfhero
1137 1548 1193 1611 mi.

184 1662 192 1675 ·
255 1651 296 1732 ³1⁴
311 1650 384 1731 Ego
399 1648 528 1713 Uhtred
542 1647 617 1712 dux.
824 1650 865 1731 ᾧ
880 1650 953 1732 Ego
966 1648 1120 1732 Wihtgar
1134 1650 1192 1714 mi.

254 1754 295 1835 ᾧ
311 1753 383 1834 Ilgo
397 1750 492 1816 Odda
505 1751 562 1815 mi.
824 1753 866 1834 ›1‹
882 1753 954 1835 Ilgo
968 1751 1134 1837 Abelwold
1148 1754 1205 1817 mi.

254 1856 296 1937 ›1‹
310 1852 383 1937 Ego
396 1853 547 1937 Wnligar
559 1856 617 1917 mi.
824 1854 865 1935 ᾧ
881 1854 952 1937 Ego
967 1853 1124 1919 AElfhcah
1138 1856 1195 1920 mi.

254 1960 295 2041 »1⁴
311 1959 383 2040 Ego
400 1957 534 2040 Sigercd
548 1958 604 2021 mi.
823 1960 865 2038 ᾧ
882 1957 953 2041 Ego
968 1956 1095 2021 AElfred
1109 1958 1166 2023 mi.

254 2062 294 2143 ᾧ
309 2060 382 2142 Ilgo
396 2057 512 2124 AElfric
526 2059 583 2123 mi.
823 2063 864 2141 »Β
880 2061 952 2143 Ego
966 2059 1140 2125 Wrdfmaer
1154 2060 1210 2125 mi.

254 2164 295 2245 ᾧ
309 2162 382 2244 Ego
395 2160 569 2226 Eadmund
582 2162 639 2226 mi.
823 2165 864 2246 ᾧ
880 2163 951 2247 Ego
966 2162 1078 2229 Ordeh
1092 2164 1149 2239 mi.

253 2267 294 2348 ᾧ
310 2266 382 2346 Ego
395 2264 557 2348 Wulfaige
570 2264 626 2329 mi.

252 2370 368 2432 Dorso.
413 2368 467 2453 pis
488 2368 518 2431 is
540 2388 595 2432 seo
617 2368 738 2455 bocbe
824 2368 902 2433 This
926 2368 956 2432 is
978 2368 1035 2433 the
1058 2370 1185 2434 charter
1207 2370 1311 2435 wbioh

210 2470 375 2558 AEbelstan
438 2471 514 2555 cing
575 2472 738 2555 geboccde
778 2470 860 2555 king
881 2472 1067 2537 AEthelstan
1092 2472 1258 2537 chartered
1276 2482 1311 2537 to

210 2574 395 2660 l'ribcatanc
409 2573 556 2657 bisceope
569 2581 605 2638 to
615 2575 738 2662 Wipig·
777 2575 892 2660 bishop
914 2576 1099 2641 Frithestan
1117 2576 1167 2641 for
1179 2576 1310 2661 Widley

211 2676 294 2758 lea]
310 2683 346 2739 to
366 2676 481 2740 Ceam.
526 2676 580 2762 pis
602 2677 729 2762 syndon
776 2676 841 2740 and
865 2677 986 2741 Cerne:
1010 2677 1102 2742 these
1127 2697 1181 2742 are
1201 2679 1308 2742 Taun-

209 2778 474 2843 Tantunesland.
776 2778 980 2844 ton'slands.

466 3210 564 3268 KING
581 3211 782 3269 EADMUNI).
819 3213 1057 3270 Dcoccxnrv.

525 3373 679 3434 CHA'M'ER
693 3374 733 3416 '1¹0
749 3374 998 3418 cusroununr.

253 3507 294 3570 In
317 3505 448 3569 nomine
467 3503 601 3569 Domini
624 3505 727 3569 noatri
742 3505 842 3570 Ibesu
856 3503 988 3570 Christi.
1033 3507 1104 3590 Ego
1119 3507 1311 3574 Edmundus

210 3629 265 3673 rex
278 3609 460 3692 Anglornm
482 3615 735 3692 ceterarumque
761 3606 797 3671 in
820 3607 957 3673 circuitu
974 3609 1122 3692 gencium
1140 3612 1310 3695 persisten-

210 3711 295 3775 cium
318 3712 515 3795 gubernator
540 3719 573 3775 ct
595 3719 712 3790 rector,
732 3731 806 3775 cum
831 3711 968 3776 concilio
992 3719 1026 3776 et
1049 3731 1208 3778 consensu
1228 3715 1311 3799 opti·

209 3822 334 3878 matum
356 3835 512 3892 meorum,
528 3835 587 3897 pro
611 3821 722 3878 eterne
743 3813 966 3878 retributionis
988 3835 1054 3898 spe,
1069 3823 1102 3878 et
1116 3816 1311 3881 relaxatione

209 3916 430 4000 peccaminum
451 3935 609 3994 meorum,
624 3915 764 3980 concedo
785 3916 920 3981 ecclesie
942 3925 1051 3981 sancto
1066 3917 1129 3983 Dei
1147 3918 1312 4002 genitricis

209 4020 316 4084 Marie
334 4021 514 4098 Glaetonie,
532 4026 566 4083 et
586 4018 759 4083 venerabili
784 4019 855 4083 viro
876 4019 1057 4099 Dunstano‚
1072 4041 1168 4104 quem
1191 4021 1311 4085 ibidem

209 4119 359 4185 abbatem
380 4120 545 4198 constitui,
561 4119 745 4184 libertatem
759 4128 793 4183 et
806 4127 1012 4202 potestatem,
1025 4121 1101 4204 jura
1122 4129 1155 4184 et
1178 4141 1310 4186 consue-

208 4223 349 4300 tudines,
364 4231 398 4286 et
412 4243 524 4286 omnes
544 4222 764 4287 forisfacturas
783 4221 930 4286 omnium
945 4230 1104 4286 terrarum
1119 4243 1260 4302 sucrum,
1277 4225 1311 4288 id

208 4337 269 4404 est,
280 4327 459 4410 burgbrice,
470 4325 617 4390 hundred
631 4347 729 4389 soona
741 4327 843 4404 athas,
855 4326 991 4405 ordelas,
1001 4323 1309 4408 infangenetheofas,

208 4431 392 4508 hamsocne,
408 4437 442 4494 et
456 4429 633 4508 frithbrice,
649 4441 682 4494 et
697 4429 869 4506 foresteall,
886 4437 919 4492 et
937 4427 984 4493 tol
1007 4436 1039 4494 et
1054 4436 1149 4508 team,
1166 4431 1201 4493 in
1223 4433 1312 4496 omni
