3234 5125
319 445 370 497 178
593 444 914 501 MISCELLANEOUS
933 442 1146 501 CHARTERS.

317 614 446 697 penitus
466 614 611 679 damnati
629 615 666 679 in
687 623 844 680 {eternum
867 614 1019 699 sulphur3
1051 614 1107 679 sed
1129 614 1199 699 ejus
1221 634 1338 696 magne
1359 612 1422 675 ole-

317 716 441 781 mentio
454 738 514 781 nos
527 717 675 782 liberavit
690 716 731 781 ab
745 738 793 782 eo.
842 719 942 782 Nune
960 738 1020 801 ego
1034 718 1242 794 Adsistnuus,
1255 738 1311 781 rex
1329 736 1425 799 super

318 818 490 901 Angiioom
514 828 656 903 gentem,
678 828 792 885 notum
814 820 899 884 secio
921 820 1002 885 meis
1024 821 1232 905 sapientibus,
1252 828 1285 883 et
1306 819 1341 882 in
1364 819 1424 881 hoo

318 922 438 1005 scripto
467 923 572 987 verbis
601 923 767 1001 confirmo,
789 922 874 1006 quod
901 923 1044 988 liberabo
1073 944 1204 987 omnem
1233 928 1353 987 terrem
1383 920 1424 985 ed

320 1024 432 1089 Sancti
458 1025 551 1089 Perdi
573 1027 809 1090 monasterium
845 1026 1098 1111 [spectantem];
1130 1033 1163 1089 et
1188 1025 1320 1107 insuper
1346 1043 1422 1087 oon-

318 1127 453 1191 stitusm
469 1127 558 1193 istud
577 1128 793 1212 privilegium,
813 1128 876 1192 hoo
896 1137 946 1193 est
966 1128 1162 1211 singularem
1185 1124 1424 1191 immunitatem

317 1228 363 1291 in.
376 1229 505 1294 leudem
529 1231 642 1294 Sancti
665 1231 759 1295 Pauli
782 1231 870 1294 illius
892 1231 996 1295 saneti
1018 1230 1166 1313 apostoli,
1186 1229 1239 1294 eui
1261 1228 1315 1293 hie
1333 1228 1425 1292 loous

318 1339 368 1395 est
392 1339 546 1411 secretus,
570 1333 605 1396 in
631 1334 748 1397 unimae
770 1354 852 1398 mese
879 1332 1134 1418 redemptionem
1158 1339 1192 1397 et
1221 1340 1425 1416 peecatorum

316 1454 463 1499 meorum
491 1436 725 1516 remissionem,
749 1436 928 1501 semmdum
954 1436 1041 1519 quod
1073 1434 1180 1509 Sebbu
1204 1452 1261 1501 rex
1284 1432 1424 1499 eundem

323 1536 458 1620 [locum]
487 1538 590 1621 primo
613 1538 770 1618 liberavit,
796 1545 830 1603 et
851 1540 990 1603 Sanetus
1010 1536 1261 1615 Erkenwaldus3
1285 1556 1423 1619 quorum

318 1638 413 1704 umbo
432 1660 471 1703 eo
492 1661 527 1704 se
543 1640 763 1719 oontulerunt,
786 1641 919 1706 omnino
945 1642 1014 1707 Deo
1034 1640 1258 1717 inservierunt,
1281 1646 1314 1703 et
1331 1637 1424 1701 illum

317 1740 424 1805 locum
464 1741 722 1826 loeupletomnt3
763 1764 965 1827 magnusque
999 1743 1054 1807 ille
1086 1742 1254 1826 episeopus
1287 1742 1426 1805 sanctus

317 1842 549 1906 Erkenwaldus
567 1844 649 1907 illud
662 1844 866 1928 privilegium
884 1832 1070 1930 impetravit
1086 1846 1199 1909 Romoe
1213 1842 1300 1928 quod
1314 1844 1348 1905 in
1364 1842 1424 1907 huo

317 1952 407 2009 curto
435 1946 607 2025 scribitur,
642 1954 676 2011 et
705 1947 800 2032 pluro
828 1948 891 2012 ulio
919 1948 1087 2032 privilegia
1112 1948 1165 2013 hio
1194 1945 1425 2023 inscribunmr,

318 2068 390 2130 quae
411 2048 476 2111 mei
492 2049 740 2131 praedecessores
761 2052 947 2133 irrogarunt
968 2052 1004 2115 in
1026 2051 1208 2115 animorum
1225 2070 1356 2113 suerum
1374 2069 1424 2113 re-

317 2149 546 2233 demptionem.
607 2152 675 2220 Qui
703 2153 764 2217 hoo
792 2153 998 2237 privilegium
1027 2153 1204 2231 adauxerit,
1235 2152 1326 2215 Deus
1355 2151 1426 2233 ejus

316 2253 417 2317 vitem
437 2253 473 2317 iu
492 2254 552 2317 hoo
568 2254 691 2319 mundo
711 2256 921 2341 [oonservet],
937 2264 971 2321 et
986 2256 1016 2320 ei
1031 2256 1188 2321 coelorum
1202 2254 1293 2337 regni
1310 2253 1426 2335 gaudio

317 2354 472 2419 oonoedot
491 2356 621 2439 qnando
642 2357 719 2421 hine
738 2357 921 2422 decesserit.
967 2359 1034 2423 Qui
1053 2380 1127 2423 vero
1150 2357 1227 2441 quid
1246 2357 1336 2421 illino
1354 2356 1425 2421 obs·

317 2457 429 2522 tulerit
446 2458 564 2522 sivein
584 2459 684 2523 ulium
706 2481 802 2523 usum
821 2462 1025 2539 converterit,
1041 2460 1135 2525 niiter
1155 2460 1307 2545 [seilicet]
1328 2480 1424 2543 quum

197 2649 201 2655 Ι
318 2561 373 2626 hio
394 2563 647 2647 suprascriptum
666 2571 727 2641 est,
743 2564 787 2627 sit
807 2565 878 2648 ejus
895 2565 963 2630 vito
984 2565 1037 2628 hic
1052 2564 1228 2641 decurtato,
1247 2572 1280 2626 et
1299 2561 1425 2645 quando

317 2664 394 2728 hino
408 2665 580 2729 deoesserit
596 2687 722 2751 semper
736 2667 779 2730 sit
793 2668 864 2751 ejus
877 2668 1036 2732 habitatio
1051 2669 1087 2731 in
1101 2667 1218 2732 inferni
1234 2666 1346 2745 fundo,
1362 2665 1425 2729 nisi

316 2766 350 2829 id
364 2766 418 2831 hio
432 2775 508 2832 unte
521 2769 621 2834 finem
635 2790 732 2833 suum
747 2769 935 2853 diligentius
955 2777 1141 2854 compenset
1159 2769 1244 2853 opud
1266 2775 1425 2834 {eternum

317 2869 425 2933 Deum
451 2871 507 2954 qui
527 2871 674 2938 omnium
699 2893 809 2936 rerum
838 2869 937 2938 hebet
960 2879 1163 2956 potestatem.
1208 2871 1335 2935 Idoiroo
1356 2879 1425 2934 tom

318 2971 454 3036 firmiter
471 2973 533 3037 hoo
554 2974 757 3058 privilegium
783 2974 975 3058 [observari]
1000 2975 1213 3060 praeoipimus,
1235 2982 1274 3038 ut
1297 2973 1343 3038 ito
1366 2993 1425 3038 nos

319 3094 432 3137 omnes
453 3075 560 3139 denno
578 3077 737 3160 possimus
755 3077 853 3162 simul
871 3078 1033 3142 coelorum
1047 3077 1140 3160 regni
1160 3075 1278 3160 gaudie
1299 3075 1425 3158 assequi

320 3196 395 3239 oum
424 3183 546 3241 aeterno
574 3178 658 3257 Deo,
687 3178 744 3262 qui
774 3180 920 3244 omnium
950 3201 1059 3244 rerum
1090 3179 1189 3246 hebet
1221 3185 1423 3263 potestatem.

321 3278 439 3341 Amen.

626 3495 1115 3508 -U—————--n—·—

689 3742 788 3799 mus
805 3721 1057 3799 nummum.

366 3889 406 3970 ᾧ
422 3887 465 3951 In
487 3888 618 3952 nomine
639 3889 774 3953 Domini
796 3891 901 3954 nostri
920 3891 1023 3955 Jhesu
1041 3891 1174 3956 Christi.
1220 3893 1292 3975 Ego
1311 3890 1425 3955 AEdel-

321 3998 433 4054 stnnus
454 4011 510 4056 rex
528 3991 569 4056 do
587 3992 708 4056 Sancto
726 3993 895 4057 cutberto
917 3994 1005 4058 hune
1030 4001 1155 4058 textum
1176 3993 1426 4077 evangeliorum,

320 4094 386 4158 duo
399 4094 534 4174 ossulss,
549 4100 584 4158 et
600 4115 700 4157 unam
718 4094 834 4174 albam,
851 4104 884 4159 et
901 4117 1001 4160 unum
1021 4097 1138 4161 stolum
1160 4117 1234 4160 eum
1249 4095 1426 4178 manipulo,

320 4203 354 4260 et
376 4217 479 4260 unum
502 4195 678 4280 eingrdum,
705 4205 739 4262 et
763 4205 830 4262 tres
854 4198 965 4262 altenis
994 4200 1244 4283 oooperiments,
1267 4207 1301 4262 et
1323 4219 1427 4262 unum

320 4299 452 4364 oalioem
476 4307 675 4383 argenteum,
697 4307 731 4364 et
759 4301 839 4365 dues
863 4309 998 4385 peteras,
1022 4303 1157 4368 alteram
1178 4324 1258 4367 aum
1279 4309 1428 4387 perstem

319 4402 454 4466 alteram
478 4403 592 4467 Graeoo
615 4423 710 4486 opere
729 4403 946 4485 fabrefactam,
969 4411 1003 4469 et
1024 4427 1127 4469 unum
1148 4404 1352 4470 thuribulum
1376 4424 1427 4468 er-
