3234 5125
279 451 316 504 cc
376 413 379 418 ’
555 443 877 502 niscnnnannous
896 441 1111 499 enascens.

278 619 341 684 reti
362 618 594 704 perpetualiter
616 617 652 681 in
668 638 772 682 evum.
820 615 857 680 Si
878 615 951 699 quis
971 621 1081 678 autem
1096 613 1159 678 boc
1176 619 1319 676 semaret
1338 611 1389 676 vei

280 743 397 807 augere
417 723 564 802 voluerit,
584 707 841 786 benedictionem
863 741 883 782 a
900 718 1043 784 Domino
1061 717 1133 782 Deo
1155 716 1217 780 celi
1234 715 1389 799 percipiat

278 825 332 891 hic
347 833 380 890 et
394 825 430 889 in
444 825 563 889 futuro.
610 823 730 908 Siquis
746 820 965 906 autem,quod
978 842 1046 885 non
1060 829 1219 904 optamus,
1231 820 1267 882 in
1281 818 1389 901 alique

279 937 370 1014 parte
384 929 531 1012 frangere
546 927 597 992 vel
620 927 766 992 minuere
788 925 938 1004 voluerit,
957 925 1038 989 sciat
1054 945 1090 988 se
1105 921 1265 987 rationem
1282 921 1389 986 reddi·

280 1041 392 1096 turum
407 1039 483 1096 ante
499 1030 643 1096 tribunal
660 1029 764 1094 nostri
776 1029 906 1112 judicis,
920 1027 984 1092 nisi
998 1036 1074 1092 ante
1092 1047 1131 1091 ea
1150 1027 1222 1092 Deo
1236 1033 1270 1090 et
1282 1026 1388 1090 homi·

281 1135 376 1200 nibus
400 1134 629 1200 emendaverit.
677 1134 751 1198 Hoc
770 1139 880 1196 antem
898 1131 1021 1196 iactum
1040 1138 1091 1195 est
1111 1151 1197 1195 anno
1217 1129 1388 1196 Dominicc

279 1237 510 1302 incarnationis
529 1233 973 1314 occc⁰rn⁰1111⁰,1ndictione
996 1254 1071 1298 vero
1092 1254 1151 1312 v1.,
1166 1233 1259 1316 regni
1278 1239 1388 1297 antem

280 1341 365 1426 regis
380 1340 517 1406 Bertulfi
533 1349 608 1404 ιιιι0
622 1359 717 1402 anno.
762 1337 827 1401 His
840 1337 979 1401 testibus
992 1335 1248 1401 contestantibus
1262 1343 1296 1400 et
1309 1334 1388 1398 scri·

279 1444 449 1522 bentibus3
472 1453 592 1508 etcum
604 1442 697 1526 signo
708 1449 819 1506 sancte
829 1438 934 1504 crncb
945 1437 1240 1517 corroboraverunt,
1250 1458 1387 1522 quorum

280 1548 415 1613 nomina
427 1547 513 1610 inira
526 1552 693 1610 notantur.

324 1652 365 1731 ›1‹
382 1651 453 1732 Ego
464 1647 596 1712 Ber-tuli
605 1667 661 1711 rex
677 1645 820 1710 concessi
832 1653 866 1710 et
880 1643 1064 1729 subscripsi.
1113 1647 1154 1726 ›1‹
1169 1645 1241 1728 Ego
1253 1644 1387 1727 Saepryc

280 1751 392 1835 regina
405 1750 553 1815 consensi
569 1757 602 1813 et
617 1747 799 1832 subscripsi.
840 1751 881 1830 ›1‹
896 1747 1115 1835 Ego-Ceolred
1129 1748 1296 1831 episcopus
1311 1767 1387 1811 con·

280 1853 367 1918 sensi
388 1861 421 1918 et
443 1851 626 1935 subscripsi.
672 1854 713 1933 ›1‹
729 1853 801 1935 Ego
824 1850 982 1916 Hnnbrht
1002 1849 1169 1934 episcopus
1186 1849 1335 1915 consensi
1354 1856 1387 1913 et

281 1954 466 2038 subscripsi.
512 1957 553 2036 ›1‹
569 1955 641 2038 Ego
654 1952 803 2018 Heabrht
817 1954 985 2037 episcopus
997 1953 1145 2018 consensi
1153 1960 1186 2018 et
1201 1952 1386 2036 subscripsi.

281 2062 322 2141 ›1‹
338 2059 409 2141 Ego
435 2057 610 2122 Eanmund
639 2055 737 2121 abbas
767 2056 917 2138 consensi
943 2064 977 2120 et
1006 2055 1191 2141 subscripsi.
1259 2057 1387 2139 ›1sligo

281 2160 392 2225 Mucel
416 2159 481 2223 dux
503 2159 651 2224 consensi
673 2167 707 2224 et
729 2158 915 2243 subscripsi.
973 2162 1014 2241 ›1‹
1030 2161 1102 2242 Ego
1125 2159 1293 2223 Humbrht
1321 2159 1387 2223 dnx

280 2261 428 2328 consensi
443 2269 475 2325 et
491 2260 676 2345 subscripsi.
723 2263 762 2344 ›1‹
780 2263 851 2346 Ego
866 2261 1011 2326 AElfstan
1021 2262 1087 2326 dur
1101 2262 1249 2327 consensi
1262 2269 1296 2326 et
1311 2261 1386 2326 sub·

282 2363 406 2448 scripsi.
445 2367 486 2446 ›1‹
499 2365 570 2448 Ego
582 2363 749 2449 Cynebrht
759 2363 826 2427 dux
836 2365 985 2429 consensi
996 2372 1029 2429 et
1038 2364 1224 2449 subscripsi.
1264 2368 1305 2447 ›1‹
1315 2367 1387 2450 Ego

282 2467 381 2532 AEtel
391 2467 457 2532 dur
467 2467 617 2531 consensi
630 2475 664 2532 et
678 2466 864 2551 subscripsi.
900 2469 940 2550 '1⁴
952 2469 1024 2551 Ego
1036 2468 1189 2532 Beomob
1200 2466 1385 2550 subscripsi.

177 2666 181 2674 ,
282 2575 323 2654 *1⁴
339 2574 410 2656 Ego
424 2570 550 2635 ΕΜ
565 2571 751 2655 subscripsi.
797 2574 839 2653 ›1‹
855 2571 927 2655 Ego
941 2570 1069 2635 Wifred
1083 2570 1268 2655 subscripsi.

306 3023 402 3077 KING
420 3021 679 3076 AE'I'HELWULF
696 3021 746 3075 OF
762 3020 931 3076 WFssnx.
968 3022 1055 3076 NOV.
1074 3024 1134 3075 ἕντι
1151 3020 1361 3077 Dcccxmv.

327 3171 368 3250 ›1‹
384 3170 553 3251 Regnsnte
568 3167 711 3232 Domino
729 3174 841 3231 nostro
860 3167 897 3231 in
913 3176 1115 3253 perpetuum.
1160 3169 1249 3234 Dum
1264 3170 1299 3233 in
1313 3191 1386 3233 nos-

282 3272 342 3335 tris
357 3271 556 3355 temporibus
564 3270 722 3334 bellorum
736 3270 894 3335 incendiis
909 3280 942 3336 et
956 3272 1135 3357 direptione
1148 3294 1247 3357 opum
1261 3282 1387 3339 nostra-

283 3395 366 3452 rum,
375 3394 501 3439 necnon
515 3380 549 3437 et
563 3372 758 3437 vastantium
774 3373 994 3439 crudelissima
1006 3374 1234 3460 depredatione
1244 3376 1386 3441 bostium

282 3476 502 3555 barbarorum,
517 3496 777 3560 paganorumque
803 3475 952 3559 gentium
977 3478 1149 3562 multiplici
1172 3480 1386 3563 affligencium

282 3600 385 3664 nsque
410 3579 450 3643 ad
467 3578 730 3658 internecionem,
746 3588 894 3663 tempora
916 3581 1078 3645 cernimus
1097 3581 1283 3646 incumbere
1302 3582 1386 3667 peri·

284 3682 401 3746 culoso.
447 3679 665 3747 Quamobrem
680 3702 740 3765 ego
754 3682 945 3747 AEiielvlins
959 3705 1016 3747 rex
1030 3684 1288 3748 occidentalium
1307 3686 1386 3749 Sax-

281 3805 392 3862 onum,
405 3804 478 3848 cnm
493 3783 627 3847 consilio
642 3783 865 3868 episcoporum
884 3807 921 3850 ac
941 3787 1124 3871 principum
1138 3808 1295 3866 meorum,
1311 3810 1386 3853 con-

282 3888 391 3952 silinm
414 3885 540 3950 salubre
567 3892 664 3968 atque
685 3887 847 3952 uniforme
871 3888 1050 3952 remedium
1076 3889 1241 3969 affirmavi,
1266 3898 1304 3954 ut
1328 3892 1386 3954 ali-

284 4011 381 4074 quam
398 3988 579 4073 portionem
597 3996 757 4053 terrarum
778 3989 1015 4055 hereditariam
1035 3999 1132 4056 antea
1150 3992 1387 4076 possidentibus

282 4094 434 4177 gradibus
448 4090 608 4165 omnibus,
619 4091 686 4155 sive
700 4090 829 4155 famulis
844 4098 878 4157 et
891 4092 1071 4157 iamtdabos
1088 4095 1150 4159 Dei
1163 4095 1233 4159 Deo
1246 4096 1386 4159 servien-

282 4195 378 4274 tibus,
394 4195 460 4259 sive
477 4192 578 4272 laicis,
599 4214 723 4277 semper
743 4194 900 4257 decimam
922 4197 1122 4262 mansionem
1140 4197 1198 4262 ubi
1215 4198 1387 4262 minimum

282 4300 325 4364 sit
346 4307 416 4362 tum
439 4296 596 4361 decimam
620 4304 743 4380 partem
766 4296 926 4379 [omnium
947 4296 1119 4385 bonorum]
1146 4302 1182 4364 in
1204 4300 1388 4366 libertatem

282 4410 468 4485 perpetuam
486 4399 663 4482 perdonare
678 4397 859 4481 dijudicavi,
876 4409 914 4463 ut
930 4400 974 4465 sit
992 4409 1064 4466 tnta
1084 4413 1181 4487 atque
1199 4405 1325 4470 munita
1346 4404 1386 4469 eb
1461 4480 1465 4485 ,
