3234 5125
335 433 371 488 ³4
611 428 1162 489 MQMMsswfflffifflfflffl

338 602 402 668 Sed
421 624 481 669 nec
502 602 564 669 hoo
582 602 885 689 pretermittendum
909 610 969 685 est,
981 624 1057 669 cnm
1075 597 1293 666 necessmum
1314 594 1442 657 constet

337 706 479 771 ecclesiis
492 706 565 786 Dei,
582 706 657 790 qnia
667 706 894 773 AEthslbaldus
907 727 973 786 rex,
982 726 1042 791 pro
1055 701 1238 788 expiatione
1251 694 1444 761 delictorum

337 830 481 887 suornm,
508 816 542 875 et
563 808 776 874 retributione
800 809 958 875 mercedis
979 815 1101 887 eterne,
1122 802 1254 870 famulis
1278 796 1343 865 Dei
1369 812 1444 880 pro·

338 912 440 997 priam
458 912 640 978 libertatem
662 912 699 976 in
715 911 875 978 fi'uctibus
897 914 1051 977 silvarum
1076 924 1301 994 agrorumque,
1320 900 1388 965 sive
1407 898 1445 961 in

339 1016 462 1081 ceteris
490 1014 687 1081 utilitatibus
715 1016 896 1095 fluminum,
926 1014 977 1081 vel
997 1022 1131 1100 raptura
1154 1009 1303 1097 piscium,
1325 1003 1444 1069 habere

338 1119 469 1183 donavit
477 1146 487 1199 ;
509 1126 544 1184 et
564 1127 603 1182 nt
621 1118 815 1184 munusculo
831 1120 872 1184 sb
891 1119 1034 1185 ecclesiis
1049 1118 1086 1182 in
1104 1116 1246 1181 secsslstc
1262 1108 1443 1177 convivium

338 1224 423 1307 regis
436 1224 488 1288 vel
508 1222 689 1307 principum
712 1243 733 1286 s
751 1222 889 1287 subditis
909 1222 1043 1287 minime
1059 1220 1240 1304 exiguntur,
1254 1214 1319 1279 nisi
1337 1230 1445 1275 amore
1585 1277 1586 1282 ,

339 1336 372 1391 et
386 1328 551 1391 voluntate
572 1325 767 1411 prebentur;
791 1327 848 1390 sed
862 1334 995 1391 ennom
1013 1322 1239 1389 bibulationes
1253 1338 1316 1403 qne
1329 1334 1444 1381 nocere

338 1432 388 1495 vel
406 1429 561 1515 impedire
582 1436 717 1514 possunt
738 1428 773 1492 in
793 1428 890 1493 domo
909 1428 983 1508 Dei,
998 1426 1149 1493 omnibus
1168 1420 1365 1509 principibus
1383 1416 1444 1482 sub
1586 1473 1587 1486 .

338 1536 408 1617 ejus
422 1540 579 1617 potestate
594 1531 785 1615 degentibus
800 1532 970 1597 demittere
992 1540 1026 1597 et
1048 1530 1172 1595 auferre
1187 1525 1342 1613 precipit;
1365 1543 1443 1606 qna·

337 1643 433 1699 tenus
456 1634 636 1699 sublimitas
657 1634 749 1719 regni
771 1636 841 1720 ejus
869 1636 1029 1721 prosperis
1051 1632 1249 1698 successibus
1269 1628 1389 1714 polleat
1408 1625 1444 1687 in

336 1738 443 1817 terris,
465 1746 499 1801 st
519 1736 710 1802 meritorum
730 1738 890 1824 manipuli
918 1737 1142 1823 multipliciter
1162 1738 1387 1800 maturescunt
1406 1728 1444 1791 in

337 1840 424 1905 celis.
476 1839 543 1906 Qui
565 1859 640 1904 vero
660 1840 720 1907 heo
735 1840 875 1925 benignu
896 1842 1015 1907 mentis
1029 1841 1209 1905 intentione
1228 1844 1326 1921 atquc
1342 1834 1445 1897 inlesa

337 1941 532 2028 cogitatione
555 1942 752 2023 custodierit,
778 1953 892 2010 eterno
918 1945 1066 2011 claritate
1094 1950 1277 2019 coronetur,
1299 1944 1443 2013 ornetur,

336 2046 543 2130 glorificetur.
589 2045 626 2109 Si
654 2046 727 2131 quis
755 2046 827 2128 hoo,
858 2048 945 2133 quod
974 2048 1068 2127 obsit,
1097 2044 1269 2131 cujuslibet
1296 2060 1443 2129 persone,

335 2148 505 2235 tyrannica
524 2148 701 2233 cupiditate
722 2149 907 2231 instinctus,
926 2160 1040 2216 conus
1061 2150 1146 2215 banc
1167 2145 1351 2213 donationis
1371 2166 1443 2209 car-

336 2253 449 2332 tulam,
464 2252 599 2317 seculari
617 2252 762 2337 potentia
775 2252 889 2334 fretus,
905 2254 1014 2320 venire
1032 2253 1160 2335 nititur,
1175 2251 1219 2316 sit
1232 2250 1293 2316 snb
1308 2248 1442 2315 nnatbe-

336 2363 425 2421 msto
440 2355 536 2435 Jude,
552 2354 723 2440 proditoris
738 2357 873 2422 Domini
886 2357 990 2422 nostn‘
1005 2358 1026 2420 J
1028 2357 1108 2421 hesu
1122 2355 1255 2423 Christi.
1299 2352 1352 2419 Ad
1366 2372 1442 2417 oon-

335 2458 529 2523 firmandum
554 2480 630 2523 vero
658 2458 719 2524 hoo
748 2468 859 2525 nostre
883 2459 1094 2526 beneficentie
1119 2457 1248 2539 munus,
1273 2457 1321 2521 hii
1343 2464 1443 2519 testes

335 2561 517 2642 odfuenmt,
533 2568 566 2628 et
586 2563 690 2626 nostri
709 2563 918 2647 magistratus
937 2566 1110 2650 optimates
1129 2571 1162 2629 et
1181 2562 1278 2628 duces
1294 2558 1441 2626 fidelissi-

333 2666 441 2751 mique
457 2665 552 2730 amiei
567 2674 799 2731 consenserunt
814 2675 848 2732 et
863 2666 1072 2752 scripserunt.

379 2773 419 2852 ›1‹
435 2771 507 2854 Ego
520 2767 702 2848 AEdelbald,
714 2768 832 2834 divinis
848 2769 951 2835 fultus
964 2768 1206 2854 suffragiishiis
1220 2765 1351 2833 statutis
1365 2786 1442 2831 oon·

334 2874 477 2938 sentiens
488 2871 780 2956 confirmandoque,
793 2873 922 2956 signnm
937 2874 1041 2938 crucis
1055 2872 1151 2938 srsvi.
1200 2875 1241 2954 ›1‹
1256 2871 1327 2955 Ego
1337 2869 1443 2934 Huita

334 2976 513 3040 Mercensis
542 2974 675 3038 ecclesie
704 2974 837 3040 humilis
866 2977 1032 3062 episcopus
1069 2975 1253 3060 subscripsi.
1312 2975 1441 3056 ›1⁴Ego

333 3077 521 3142 'Porhthelm
537 3077 646 3160 gracia
656 3077 720 3141 Dei
730 3077 897 3165 episcopus
911 3081 1041 3166 signum
1056 3081 1160 3145 crucis
1170 3077 1272 3143 infixi.
1319 3080 1359 3159 »Β
1369 3078 1441 3160 Ego

336 3178 525 3244 Headberht
546 3178 721 3263 primatum
743 3189 858 3246 tenens
886 3183 1070 3269 subscripsi.
1130 3187 1171 3266 ›1‹
1186 3183 1258 3266 Ego
1278 3181 1370 3246 Bada
1391 3180 1442 3244 his

334 3281 466 3346 statutis
480 3281 685 3346 consentiens
704 3283 889 3370 subscripsi.
935 3290 975 3369 ›1‹
990 3288 1063 3373 Ego
1076 3285 1263 3374 cyneberht
1277 3285 1328 3349 his
1342 3283 1441 3368 gestis

334 3383 537 3450 consentiens
559 3384 741 3470 subscripsi.
802 3391 843 3470 ›1‹
858 3391 931 3474 Ego
953 3390 1072 3455 Beruul
1092 3389 1247 3476 patricius
1275 3387 1326 3452 his
1347 3386 1441 3450 donis

333 3487 536 3552 consentiens
554 3487 736 3572 subscripsi.
783 3493 824 3572 »Β
838 3494 911 3576 Ego
933 3493 1118 3558 Friothnric
1141 3491 1344 3557 consentiens
1365 3490 1440 3554 sub-

335 3590 457 3674 scripsi.
525 3594 566 3673 ›1‹
582 3593 654 3674 Ego
675 3593 767 3677 Eopu
795 3594 848 3658 his
871 3595 1002 3686 ststutis
1027 3597 1231 3662 consentiens
1257 3593 1438 3678 subscripsi.

336 3695 377 3774 ›1‹
393 3693 465 3776 Ego
490 3692 636 3759 Eadbsld
661 3693 843 3781 subscripsi.
899 3699 940 3781 ›1‹
955 3700 1028 3783 Ego
1052 3699 1232 3784 Byrnhelm
1256 3695 1439 3780 subscripsi.

335 3797 457 3881 ›14Eg0
485 3795 602 3860 Mocoa
630 3797 812 3883 subscripsi.
920 3802 960 3884 ›1‹
976 3803 1049 3887 Ego
1076 3800 1228 3867 Aldceorl
1256 3798 1437 3883 subscripsi.

334 3901 375 3983 ›1‹
391 3901 463 3982 Ego
478 3899 646 3964 Alhmund
662 3901 845 3986 subscripsi.

377 4002 486 4085 Hujus
523 4002 659 4068 scedulae
697 4006 829 4090 scriptio
867 4007 1046 4074 Dominioae
1085 4007 1317 4073 incarnationis
1353 4026 1440 4070 anno

332 4125 541 4170 scenarum.
563 4105 745 4171 indictione
764 4109 914 4190 secunda,
936 4111 973 4174 in
990 4112 1062 4176 loco
1082 4111 1216 4190 celebre,
1234 4108 1327 4193 cujus
1345 4129 1438 4173 vocs-

331 4209 444 4272 bulum
476 4215 525 4273 est
549 4209 840 4278 Godmundeslaech
867 4233 985 4280 xxxin.
1016 4234 1102 4278 anno
1130 4210 1314 4279 AEdelbsldi
1342 4212 1438 4295 regis,

331 4319 460 4394 peracta
475 4319 534 4376 est.
