3234 5125
470 449 789 507 MISCELLANEOUS
808 452 1021 509 CHARTERS.
1266 458 1298 512 al

196 638 252 683 rex
267 621 518 687 Cantuariorum
534 623 657 687 dudum
679 625 893 707 praestiteram
913 628 1105 693 antecessori
1123 638 1181 695 tuo
1204 631 1300 695 Hun-

195 720 301 803 berht,
316 733 350 789 et
364 734 412 803 tu,
429 727 459 790 0
475 724 569 790 Abba
580 725 754 810 praesbyter
768 728 857 806 Dun,
869 730 939 813 jam
958 752 1015 813 per
1032 739 1178 817 tempora
1197 732 1299 817 plura,

195 846 248 888 me
264 835 436 907 annuente,
452 828 564 892 eedem
582 850 658 892 usus
678 850 711 893 es
734 832 948 913 praestatione.
997 834 1093 898 Hane
1115 834 1218 918 ipsam
1239 857 1299 919 ego

195 948 283 992 nune
306 930 458 994 terrulam
477 930 561 1015 juris
583 931 658 1009 mei,
684 952 750 995 non
772 952 831 1015 pro
853 934 991 1017 pecunia
1012 935 1120 1019 aliqua
1142 937 1297 1015 saeouleri,

194 1030 250 1093 sed
271 1052 329 1114 pro
348 1032 489 1097 remedio
511 1039 640 1097 tantum
661 1032 776 1098 animae
790 1056 880 1113 meae,
896 1036 957 1101 tibi
980 1044 1013 1100 et
1035 1037 1176 1102 eeclesiae
1194 1037 1298 1104 beatae

194 1133 320 1212 Mariae,
335 1134 388 1199 cui
410 1142 468 1199 tua
489 1156 556 1218 prae
578 1142 625 1199 est
644 1135 838 1215 sollicitudo,
859 1137 906 1202 ite
926 1138 1035 1203 tribuo
1056 1146 1090 1203 et
1111 1140 1197 1204 dono
1219 1148 1256 1204 ut
1278 1162 1298 1204 a

193 1238 343 1318 praeeenti
369 1235 421 1301 die
443 1244 476 1301 et
500 1244 645 1320 tempore
674 1246 787 1302 vestrae
817 1240 860 1302 sit
880 1240 1050 1323 potestatis
1075 1263 1146 1305 eam
1171 1262 1298 1325 semper

192 1336 312 1402 habere
334 1362 371 1404 ao
393 1340 553 1423 possidere
568 1340 705 1422 qualiter
720 1339 811 1404 vobis
828 1341 993 1424 placuerit.
1040 1343 1085 1406 Et
1100 1343 1155 1427 jus
1169 1344 1296 1427 regium

192 1439 295 1503 inea
320 1442 469 1526 deinceps
490 1442 617 1505 nullum
642 1443 841 1526 repperiatur
865 1444 1008 1522 omnino,
1039 1452 1172 1528 excepto
1201 1445 1294 1509 dum-

191 1548 283 1606 taxat
297 1544 362 1607 tale
377 1544 470 1627 quale
485 1544 635 1627 generale
649 1532 699 1608 est
718 1546 753 1607 in
779 1544 936 1610 universis
957 1547 1179 1611 ecelesiasticis
1200 1550 1294 1612 terris

192 1666 266 1729 quae
283 1646 318 1709 in
340 1647 399 1711 hac
422 1647 538 1711 Gentis
560 1668 628 1711 esse
647 1655 836 1725 noscuntur,
860 1657 893 1712 et
910 1658 947 1712 ut
965 1649 1088 1732 jugiter
1107 1650 1292 1713 firmitatem

192 1796 199 1809 .
219 1796 226 1810 .
245 1796 252 1811 .
269 1797 276 1811 .
292 1748 360 1813 haee
375 1750 445 1833 ipsa
459 1770 530 1813 mea
544 1749 675 1813 donatio
697 1749 824 1827 habeat,
839 1750 950 1814 subter
962 1751 1016 1815 hio
1031 1751 1158 1835 signum
1174 1760 1293 1817 sanotae

189 1851 295 1914 erucis
310 1872 348 1915 ex
365 1898 476 1916 .....
491 1850 653 1935 testesque
674 1851 761 1915 illius
775 1860 813 1915 ut
827 1852 1028 1917 subscribant
1041 1862 1160 1937 petam.

237 2000 427 2018 ........
449 1954 536 2038 [d]ie
558 1954 708 2018 vicesima
737 1953 905 2018 Februarii
929 1956 1059 2034 mensis,
1086 1978 1172 2019 anno
1201 1957 1291 2039 regni

189 2056 294 2119 nostri
309 2058 466 2140 septim03
491 2056 593 2120 Indio.
612 2104 618 2119 .
637 2102 645 2119 .
664 2106 670 2119 .
694 2056 742 2140 [q]
749 2057 841 2119 uinta
855 2056 988 2121 decima.
1027 2058 1218 2123 Doroverni.

234 2159 372 2241 Insuper
385 2180 445 2242 ego
453 2158 693 2223 AEthilberhtus
707 2179 763 2222 rex
781 2159 891 2222 addidi
906 2160 981 2225 huic
995 2160 1172 2239 donationi,
1183 2184 1290 2245 quam,

189 2281 249 2343 pro
268 2262 409 2325 remedio
435 2262 552 2325 animae
577 2283 667 2339 meae,
690 2260 763 2325 dedi
792 2262 828 2324 in
851 2262 940 2325 omni
962 2285 1057 2341 anno,
1082 2273 1213 2328 centum
1237 2286 1288 2327 xx.

190 2362 334 2445 plaustra
353 2372 470 2427 onusta
489 2362 529 2427 de
553 2362 650 2445 lignis
674 2363 713 2427 ad
735 2363 937 2447 coquendum
958 2365 1014 2429 sal.
1060 2368 1146 2431 Item
1167 2366 1240 2430 dedi
1260 2368 1290 2430 ei

189 2474 320 2530 eentum
331 2466 447 2549 jugere
461 2465 604 2550 ejusdem
619 2465 713 2544 ruris,
729 2466 764 2529 in
777 2466 849 2531 looo
864 2467 919 2550 qui
930 2466 1050 2532 dicitur
1065 2469 1223 2533 Sandtun.

232 2570 376 2634 Termini
391 2591 466 2634 vero
482 2577 575 2634 terrae
590 2569 677 2632 illius
691 2569 750 2634 heo
765 2577 850 2633 sunt.
886 2570 939 2633 Ab
953 2571 1077 2634 oriente
1088 2578 1175 2635 terra
1184 2574 1288 2656 regis;

189 2673 230 2737 ab
253 2681 362 2737 austro
383 2673 499 2736 fluvius
514 2673 570 2755 qui
592 2671 711 2736 dicitur
734 2672 926 2750 Limenaee3
950 2671 990 2735 ab
1012 2673 1177 2737 occidente
1200 2676 1288 2738 etin

188 2775 407 2859 septentrione
423 2775 544 2838 Hudun
559 2775 645 2838 fleot.

233 2879 273 2960 ᾧ
287 2879 425 2961 Signum
440 2873 501 2941 ser}
512 2877 616 2941 crucis
629 2877 716 2960 quod
731 2877 859 2961 scripsit
870 2876 1109 2940 AEthilberhtus
1124 2898 1179 2941 rex
1194 2886 1290 2961 atque

188 2981 334 3045 donator.
377 2982 415 3062 ›1‹
433 2982 503 3062 Ego
518 2981 698 3045 Tatuuinus
713 2980 808 3062 epist.
821 2979 860 3043 ad
876 2978 1066 3062 petitionem
1076 2979 1290 3044 AEthilberhti

186 3085 272 3169 regis
297 3084 479 3167 subscripsi.
535 3084 661 3165 ›1⁴Ego
685 3081 824 3146 Albinus
854 3081 961 3159 abbas,
985 3081 1120 3164 jubente
1144 3082 1290 3164 piissimo

186 3209 262 3272 rege
273 3165 505 3265 AEthilberhto,
516 3185 701 3269 subscripsi.
735 3186 923 3268 ›1⁴Signum
934 3205 1050 3247 manus
1059 3183 1288 3249 Balthhaeardi.

188 3294 228 3372 ›1‹
253 3292 389 3374 Signum
428 3311 542 3354 manus
581 3290 730 3372 Bynnan.
795 3291 836 3369 ›1‹
862 3287 999 3370 Signum
1036 3308 1150 3350 manus
1188 3288 1290 3352 AEan·

185 3393 302 3458 berhti.
350 3394 388 3474 >1⁴
407 3393 544 3476 Signum
559 3413 674 3454 manus
689 3389 916 3454 AEtbiliaesrdi.

307 3843 404 3897 KING
423 3841 668 3896 AETHELBALD
686 3842 734 3897 OF
751 3843 910 3898 MERGIA.
948 3843 1164 3899 Deoxxxlv.

227 3994 267 4075 ᾧ
286 3994 326 4057 In
343 3993 475 4058 nomine
492 3993 625 4059 Domini
642 3993 703 4057 Dei
721 3992 897 4056 Salvatoris
918 3993 1020 4056 nostri
1035 3995 1056 4057 J
1058 3993 1137 4058 besu
1152 3995 1283 4060 Christi.

183 4095 222 4159 Si
243 4116 282 4159 ea
299 4117 370 4178 quae
384 4095 519 4179 quisque
537 4117 596 4179 pro
616 4094 798 4180 recipienda
813 4116 833 4158 a
847 4095 918 4159 Deo
936 4097 1082 4159 mercede
1101 4097 1285 4161 hominibus

180 4197 280 4262 verbo
295 4218 353 4261 suo
368 4197 505 4282 largitur
520 4209 552 4263 et
567 4199 666 4262 donat
688 4197 817 4262 stabilia
826 4197 950 4282 jugiter
964 4198 1145 4282 potuissent
1159 4199 1285 4277 durare,

181 4320 452 4383 supervacaneum
480 4301 639 4365 videretur
668 4308 705 4365 ut
734 4300 852 4365 litteris
881 4312 1088 4365 narrarentur
1117 4323 1153 4365 ao
1177 4304 1284 4366 firma-

177 4411 303 4468 rentur.
350 4404 415 4467 Sed
430 4403 506 4467 dum
527 4404 566 4468 ad
586 4403 750 4488 probanda
765 4405 894 4482 donata,
910 4402 949 4466 ad
970 4404 1286 4489 convincendumque
