3234 5125
313 417 365 470 194
584 411 904 468 MISCELLANEOL'S
924 409 1139 466 CHARTERS.

311 582 397 665 quod
422 602 488 644 non
514 590 673 664 optamus,
696 580 780 643 hanc
809 585 918 642 nostre
944 577 1176 642 munificientie
1202 575 1415 660 dapsilitatem

311 706 391 747 ausu
402 684 573 748 temerario
587 682 761 764 infringere
772 682 987 766 temptaverit,
997 682 1040 744 sit
1053 680 1122 765 ipse
1133 680 1292 743 alienatus
1306 700 1326 743 a
1339 700 1414 743 oon-

312 786 412 849 sortio
430 793 540 849 sancte
560 785 624 848 Dei
644 784 786 862 ecclesie,
807 803 934 847 necnon
956 792 990 847 et
1010 805 1029 846 a
1046 782 1291 866 participatione
1310 802 1414 845 sacro-

312 890 413 953 sancti
431 888 574 972 eorporis
595 896 629 952 et
643 886 808 970 sunguinis
824 886 926 951 ihesu
941 886 1063 949 Christi
1081 885 1139 948 filii
1154 885 1227 962 Dei,
1242 905 1298 968 per
1320 904 1416 967 quem

311 999 400 1056 totus
419 998 578 1055 terrerum
595 990 682 1054 orbis
701 990 742 1054 ab
759 988 867 1053 antico
886 988 1020 1052 humani
1040 988 1166 1069 generis
1183 987 1315 1051 inimico
1335 985 1414 1050 libe-

310 1101 401 1156 ratus
426 1101 494 1171 est3
522 1101 555 1157 et
580 1113 655 1155 cum
681 1091 768 1155 Juda
791 1090 913 1155 Christi
934 1090 1097 1175 proditore
1118 1090 1249 1153 sinistra
1269 1089 1304 1153 in
1325 1098 1416 1172 purte

311 1194 494 1277 deputatus,
503 1195 568 1257 nisi
582 1194 670 1277 prius
685 1192 737 1256 hic
752 1193 850 1276 digna
866 1192 1082 1257 satisfactione
1095 1192 1228 1257 humilis
1242 1191 1416 1273 penituerit

311 1297 396 1379 quod
411 1306 525 1360 eontra
538 1303 685 1359 sanctam
700 1295 763 1359 Dei
777 1295 945 1359 ecclesiam
957 1294 1084 1359 rebellis
1095 1316 1188 1377 agere
1203 1295 1415 1379 presumpsit,

312 1419 372 1463 nee
401 1400 435 1462 in
465 1399 532 1461 vita
554 1399 615 1461 hac
638 1398 780 1481 practice
804 1397 941 1475 veniam,
968 1419 1027 1461 nec
1051 1398 1085 1461 in
1109 1397 1251 1487 theorica
1274 1397 1415 1481 requiem

311 1510 459 1584 apostata
477 1500 623 1565 obtineat
642 1500 753 1577 ullam,
770 1498 827 1563 sed
847 1500 968 1563 eternis
986 1500 1107 1563 baratri
1122 1500 1280 1564 incendiis
1296 1507 1414 1577 tmsus,

312 1624 386 1666 eum
402 1603 530 1665 Ananis
547 1610 580 1664 et
601 1602 738 1684 Saphira
752 1602 876 1684 jugiter
889 1602 1088 1665 miserrimus
1103 1603 1272 1666 crucietur.
1318 1603 1415 1666 Anno

313 1705 484 1768 Dominice
494 1703 725 1767 incarnationis
741 1724 933 1781 nccccmx,
948 1704 1126 1768 indictione
1142 1712 1192 1781 11⁸,
1202 1705 1293 1786 regni
1308 1712 1415 1767 autem

311 1807 377 1870 mei
398 1819 480 1884 11110,
499 1827 566 1868 rvr.
583 1805 748 1870 Kalendas
767 1806 859 1869 Junii
880 1806 1000 1888 scripta
1018 1814 1066 1870 est
1086 1807 1182 1890 hujus
1197 1806 1415 1870 munificentie

312 1908 463 1991 singrafa,
475 1909 526 1971 his
537 1908 672 1972 testibus
683 1908 968 1987 consentientibus,
981 1930 1118 1992 quorum
1129 1909 1262 1973 inferius
1274 1910 1414 1985 nomine,

314 2011 490 2076 secundum
506 2011 758 2094 uniuscujusque
772 2010 964 2092 dignitatem
979 2020 1180 2075 curuantur.

343 2114 384 2195 »Β
396 2114 467 2195 Ego
476 2112 618 2194 Esdwig,
630 2112 810 2176 Britanniae
818 2111 1000 2195 Anglorum
1009 2134 1188 2191 monarcus,
1199 2113 1417 2197 praeformatas

312 2214 565 2298 propinquorum
594 2213 651 2277 sed
679 2221 713 2277 et
741 2236 855 2296 regum
878 2214 1066 2279 donationes
1090 2215 1152 2280 hoc
1178 2224 1321 2281 taumate
1347 2217 1417 2299 agie

313 2317 416 2381 crucis
435 2316 591 2381 roboravi.
636 2319 677 2400 ᾧ
691 2318 764 2399 Ego
784 2317 866 2395 Odo,
888 2317 1143 2382 Dorobornensis
1163 2318 1294 2383 ecclesie
1314 2320 1417 2383 archi·

313 2419 490 2502 episcopus,
509 2418 651 2502 ejusdem
672 2419 923 2483 benivolentiam
946 2420 1129 2503 subscripsi.
1183 2423 1223 2504 ᾧ
1239 2422 1311 2505 Ego
1330 2424 1415 2487 Ead-

313 2521 403 2604 ginn,
418 2520 561 2605 ejusdem
577 2522 663 2605 regis
682 2544 752 2602 svs,
767 2521 852 2586 hanc
867 2521 1073 2588 donationem
1092 2545 1166 2588 cum
1184 2525 1290 2608 sigillo
1307 2534 1417 2591 sancte

312 2623 418 2687 crucis
431 2623 627 2688 confirmavi.
673 2627 713 2708 ᾧ
729 2626 801 2708 Ego
818 2625 916 2689 Osulf
924 2625 1011 2708 plebi
1027 2627 1088 2692 Dei
1104 2627 1253 2706 famulus,
1264 2630 1418 2693 canonica

313 2725 546 2810 subscriptione
567 2748 667 2790 manu
685 2727 813 2811 propria
835 2727 969 2792 firmavi.
1016 2733 1056 2811 ›1‹
1072 2731 1143 2812 Ego
1166 2731 1327 2796 Brihtclm
1350 2733 1417 2816 epi-

313 2849 439 2912 scopus,
450 2828 587 2912 jubente
601 2850 685 2912 rege,
697 2830 827 2913 signum
842 2838 952 2894 sancte
967 2831 1071 2894 crucis
1085 2833 1241 2916 impressi.
1288 2838 1328 2916 ›1‹
1344 2836 1417 2916 Ego

311 2930 451 2996 Alfwold
479 2931 587 3014 presul
615 2930 787 3014 tropheum
817 2931 888 3014 agie
917 2933 1021 2997 crucis
1050 2933 1199 3018 imposui.
1288 2940 1328 3018 ›1‹
1344 2939 1417 3020 Ego

314 3034 474 3099 Brihtelm
489 3035 624 3100 antistes
638 3034 835 3100 testudinem
855 3044 965 3100 sancte
985 3037 1088 3102 crucis
1105 3039 1278 3123 subscripsi
1292 3049 1326 3104 et
1340 3063 1415 3106 con-

313 3135 447 3199 firmavi.
513 3139 553 3217 »Β
569 3137 641 3220 Ego
663 3136 780 3218 Daniel
802 3137 947 3221 pontifex
969 3160 1160 3204 consensum
1182 3143 1294 3226 prebui
1316 3145 1417 3228 figens

314 3259 451 3302 crucem.
506 3239 635 3320 ›11Eg0
655 3239 811 3304 AEllheah
834 3240 900 3305 dux
925 3241 1046 3306 donum
1072 3243 1215 3327 ejusdem
1237 3247 1321 3330 regis
1341 3269 1417 3311 con-

313 3339 449 3404 firmavi.
488 3344 528 3422 »Β
545 3341 616 3423 Ego
631 3342 799 3406 A’delwold
814 3343 912 3408 abbas
927 3344 988 3408 hoc
1002 3345 1165 3430 eulogium
1179 3369 1278 3412 manu
1289 3350 1418 3433 propria

314 3441 459 3524 apicibus
482 3442 621 3526 depinxi.
679 3448 719 3526 ›1‹
736 3445 807 3528 Ego
831 3445 934 3510 Alfrie
958 3447 1055 3511 abbas
1080 3449 1184 3514 crucis
1208 3451 1324 3514 vexillo
1347 3473 1416 3514 cor-

312 3543 469 3607 roboravi.
515 3548 555 3626 »Β
571 3546 642 3627 Ego
651 3545 790 3610 Alfwold
804 3547 902 3611 abbas
917 3550 1021 3612 crucis
1032 3551 1163 3615 modum
1179 3573 1277 3616 manu
1290 3555 1418 3637 propria

311 3645 411 3709 infixi.
451 3647 490 3728 *1⁴
506 3646 577 3729 Ego
588 3647 761 3712 Eadmund
776 3647 842 3712 dux
854 3651 1000 3715 consensi
1015 3659 1049 3716 et
1063 3652 1246 3736 subscripsi.
1288 3659 1328 3737 ›1‹
1345 3656 1417 3737 Ego

313 3747 464 3830 Wulfgar
486 3757 604 3814 custos.
659 3754 699 3832 ›1‹
715 3752 786 3833 Ego
809 3752 950 3836 AEscwig
973 3763 1090 3819 eustos.
1146 3759 1186 3837 »Β
1202 3756 1273 3839 Ego
1294 3757 1417 3820 Albos

311 3857 430 3915 erutos.
473 3853 513 3934 *1⁴
530 3853 600 3935 Ego
616 3851 732 3934 Alfgar
744 3853 899 3919 minister.
943 3859 983 3937 »Β
999 3857 1071 3939 Ego
1085 3857 1248 3944 Brihtferp
1260 3857 1416 3923 minister.

315 3958 355 4036 ›1‹
371 3954 443 4037 Ego
458 3953 575 4018 Eadric
589 3954 745 4018 minister.
799 3957 840 4038 ᾧ
856 3957 927 4039 Ego
942 3958 1092 4042 Wulfgsr
1105 3959 1243 4026 discifer.
1289 3965 1329 4043 »Β
1346 3962 1418 4044 Ego

313 4057 480 4141 AEbelsige
507 4057 669 4140 pincerna.
737 4061 777 4139 »Β
793 4058 865 4140 Ego
894 4059 1031 4142 AElfsige
1060 4063 1216 4128 minister.
1290 4065 1419 4147 ›1⁴Ego

313 4153 440 4223 AElfred
450 4157 607 4222 minister.
653 4162 693 4240 ›1‹
709 4160 781 4242 Ego
790 4159 931 4226 llaldred
942 4162 1099 4227 minister.
1146 4169 1186 4247 ›1‹
1203 4166 1274 4248 Ego
1285 4167 1420 4250 Lefincg

314 4261 470 4324 minister.
503 4264 543 4342 »Β
554 4262 626 4343 Ego
635 4261 772 4343 AElfsige
787 4262 947 4327 minister.
985 4265 1023 4346 ›1‹
1034 4267 1106 4348 Ego
1117 4267 1249 4350 AElfwig
1261 4268 1418 4333 minister.

314 4367 354 4445 »Β
371 4365 442 4447 Ego
471 4363 621 4427 AElfwine
650 4363 806 4427 minister.
884 4369 924 4447 ›1‹
941 4366 1011 4448 Ego
1035 4368 1232 4452 AEpelweard
1261 4370 1418 4435 minister.
