3234 5125
498 447 823 504 MISCELLANEOUS
842 446 1058 503 OHARTERS.
1280 446 1333 499 351

223 622 292 707 sige
328 628 394 709 pres
429 642 550 707 cynges
586 622 704 706 geresa-
738 640 757 703 ]
799 618 1331 704 Godvineportreeve,auqulf-

222 726 334 811 manig
348 724 414 809 go'd
428 747 505 789 man
518 730 621 812 parto.
797 727 866 809 sige
896 724 953 788 the
989 724 1097 807 hing’s
1133 742 1235 801 reeve,
1268 721 1334 786 and

798 851 897 914 many
911 850 931 892 a
945 826 1029 910 good
1043 848 1120 890 man
1134 827 1271 890 thereto.

266 930 325 993 Nu
339 928 423 1013 synd
433 928 517 1015 bissa
526 928 658 1013 gewrita
668 932 755 1016 breo-
823 977 827 984 «
842 934 926 997 Now
935 932 973 996 of
982 932 1074 996 these
1082 929 1227 1013 writings
1241 929 1333 994 there

223 1037 265 1096 fin
287 1032 316 1094 is
341 1039 384 1097 aet
408 1031 530 1096 Cristes
556 1032 757 1117 cyrioean·]
800 1057 854 1101 are
874 1034 985 1100 three:
1012 1033 1127 1098 oncis
1152 1040 1186 1097 at
1208 1032 1333 1097 Christ·

224 1140 300 1219 oper
336 1142 379 1199 eet
416 1136 477 1199 see
504 1135 699 1219 Augustine·
738 1154 758 1216 J
799 1138 930 1218 church,
952 1137 1017 1201 and
1042 1158 1062 1200 a
1089 1135 1208 1201 second
1236 1143 1271 1199 at
1300 1135 1334 1199 S‘

224 1237 335 1323 bridde
349 1238 438 1302 hael’o
448 1238 569 1304 Godrio
582 1238 651 1303 mid
664 1239 743 1303 him.
799 1237 1022 1325 Augustine's,
1053 1238 1117 1303 and
1152 1239 1209 1303 the
1245 1237 1334 1302 third

801 1343 923 1408 Godric
936 1343 995 1407 has
1009 1342 1088 1406 with
1102 1342 1181 1407 him.

352 1808 459 1901 ¹ruvo
477 1810 676 1866 nsnwsen
694 1810 772 1865 nnn
790 1810 1018 1866 oournsson
1055 1779 1204 1865 numu

273 1961 314 2041 ᾖ
329 1959 413 2023 Pace
435 1965 603 2042 regnante,
628 1958 777 2043 largiflua
801 1959 925 2024 Christi
950 1958 1180 2043 omnipotentis
1208 1959 1336 2024 bonitas

228 2082 354 2145 semper
374 2061 414 2125 ab
431 2061 582 2126 omnibus
600 2069 650 2127 est
668 2062 832 2126 laudanda
850 2062 1004 2146 omnique
1022 2062 1118 2127 laude
1137 2062 1335 2147 preferenda,

230 2164 307 2249 quie
335 2165 427 2229 nullo
455 2164 612 2230 bonitatis
640 2166 780 2230 termino
801 2166 888 2235 valet
917 2166 1067 2231 concludi
1092 2167 1128 2230 in
1156 2168 1337 2231 seculorum

230 2268 348 2347 secula,
364 2275 477 2352 utpote
495 2268 572 2352 quia
590 2267 676 2333 idem
696 2270 786 2333 Deus
806 2267 875 2352 ipse
894 2269 938 2333 sit
957 2290 1015 2333 sue
1036 2269 1164 2354 proprie
1182 2270 1337 2334 bonitatis

230 2371 369 2450 bonitas,
393 2370 590 2436 distribuens
612 2371 712 2456 gratis
735 2393 803 2435 non
825 2379 956 2436 tantum
973 2372 1090 2456 dignis,
1106 2394 1216 2437 verum
1238 2373 1337 2437 etiam

229 2473 373 2559 indignis
401 2482 528 2558 partem
554 2496 611 2539 sue
636 2475 809 2540 bonitatis:
842 2482 892 2539 est
915 2474 1034 2561 quippe
1063 2476 1134 2540 Rex
1162 2497 1274 2561 regum
1304 2485 1339 2542 et

230 2577 391 2643 Dominus
406 2576 648 2643 dominaneium
662 2579 873 2663 omniumque
887 2578 1148 2659 subsistencium,
1162 2579 1339 2645 visibilium

144 2703 149 2713 ·
232 2687 328 2765 atque
356 2681 568 2746 invisibilium
589 2683 734 2762 Creator,
759 2689 793 2746 et
818 2704 876 2746 sue
898 2680 1070 2746 creationis
1091 2681 1339 2747 discretissimus

232 2783 425 2869 Dispositor,
444 2783 608 2868 attingens
626 2806 646 2848 a
665 2785 730 2849 fine
749 2783 912 2869 usquead
928 2785 1036 2864 finem,
1054 2784 1256 2868 suaviterque
1273 2786 1338 2850 dia-

232 2909 355 2972 ponens
381 2908 511 2954 omnem
541 2896 725 2952 creaturum
751 2895 789 2952 ut
816 2887 971 2972 competit
995 2886 1103 2952 divine
1126 2887 1339 2953 dominationi

232 2991 312 3075 ejus.
357 2991 446 3055 Nam
460 2991 615 3075 quosdam
637 2991 738 3055 libero
756 2990 890 3056 arbitrio
910 2991 1102 3074 quibusdam
1119 2991 1252 3074 prefecit
1269 2991 1340 3076 dig·

233 3095 336 3159 nitate
355 3093 452 3179 hujus
471 3094 571 3160 seculi
588 3101 622 3159 et
639 3094 790 3179 operibus
809 3094 951 3174 diversis,
967 3093 1084 3178 quibus
1100 3115 1230 3158 rursum
1247 3116 1339 3158 man·

234 3197 291 3261 dat
309 3205 349 3262 ut
367 3197 429 3282 ipsi
447 3219 505 3262 sue
526 3194 718 3262 sufficientia
737 3204 770 3261 et
787 3197 947 3262 bonorum
969 3196 1190 3261 habundantia
1210 3198 1340 3263 illorum

234 3301 374 3366 relevare
389 3309 422 3366 et
436 3307 617 3364 sustentare
635 3299 773 3365 debeant
787 3300 941 3384 inopiam,
951 3300 1007 3383 qui
1020 3300 1128 3364 minus
1142 3302 1340 3367 secularibus

234 3403 422 3468 habundant
441 3401 590 3486 negotiis,
615 3411 655 3467 ut
676 3425 735 3487 pro
758 3404 821 3468 hoo
842 3403 958 3488 majori
979 3403 1105 3487 possint
1125 3405 1273 3469 mercede
1298 3405 1340 3470 ab

235 3528 273 3572 eo
299 3504 422 3571 donari.
469 3506 567 3571 Unde
593 3526 654 3591 ego
683 3504 881 3570 Eadwardus
910 3506 1092 3589 Anglorum
1112 3527 1169 3570 rer
1191 3508 1341 3572 omnibus

235 3614 308 3693 post
326 3629 379 3671 me
395 3607 512 3672 futuris
534 3609 675 3692 regibus,
696 3608 952 3692 archiepiscopis,
972 3609 1138 3694 episcopis,
1160 3609 1340 3691 abbatibus,

235 3710 381 3789 ducibus,
396 3711 610 3794 omnibusque
625 3709 746 3776 Christi
763 3711 922 3789 fidehbus,
937 3719 1053 3776 notum
1071 3713 1143 3777 fieri
1156 3712 1238 3792 volo,
1255 3713 1341 3797 quod

235 3813 426 3879 venerabilis
440 3814 505 3877 dux
520 3813 697 3892 Leofrieus,
714 3813 824 3878 divina
836 3814 1015 3898 inspirante
1029 3814 1133 3898 gratia
1145 3815 1342 3899 monitisque

235 3916 367 4002 gloriosi
387 3938 424 3982 ac
446 3917 518 3982 Deo
535 3917 645 3982 dilecti
663 3915 780 3980 summi
798 3918 959 4001 pontificis
979 3917 1164 3995 Alexandri,
1179 3926 1341 3982 monaste-

235 4021 321 4085 rium
350 4027 460 4085 sancte
484 4021 547 4085 Dei
566 4019 731 4105 genitricis
748 4019 867 4097 Marie,
894 4020 1069 4104 Sanctique
1094 4019 1194 4096 Petri,
1219 4026 1252 4082 et
1271 4040 1341 4083 om·
1471 4075 1476 4084 .

235 4124 328 4188 nium
356 4131 551 4202 unctorum,
577 4124 613 4186 in
638 4123 714 4186 villa
737 4144 809 4207 quoe
839 4122 959 4188 dicitur
988 4123 1161 4200 Couentre,
1188 4122 1340 4201 extruxit,

235 4227 398 4311 largisque
415 4226 604 4290 muneribus
625 4224 804 4304 adornavit,
824 4233 922 4309 atque
941 4223 1121 4307 subscripta
1141 4223 1283 4288 maneria
1301 4225 1341 4288 ad

237 4327 375 4398 victuale
403 4327 581 4392 subsidium
605 4327 730 4392 abbatis
758 4335 792 4391 et
820 4328 1052 4392 monachorum
1078 4327 1113 4390 in
1133 4326 1247 4390 eodem
1271 4327 1342 4391 loco

238 4433 309 4495 Deo
329 4438 484 4514 perpetue
510 4431 727 4507 servientium,
750 4450 823 4493 mea
848 4430 938 4511 larga
960 4427 1138 4492 donacione
1160 4435 1193 4491 et
1212 4448 1341 4491 conoes-
