<?xml version="1.0" encoding="UTF-8"?>
<!DOCTYPE html PUBLIC "-//W3C//DTD XHTML 1.0 Transitional//EN"
    "http://www.w3.org/TR/xhtml1/DTD/xhtml1-transitional.dtd">
<html xmlns="http://www.w3.org/1999/xhtml" xml:lang="en" lang="en">
 <head>
  <title>
</title>
<meta http-equiv="Content-Type" content="text/html;charset=utf-8" />
  <meta name='ocr-system' content='tesseract 3.04.00' />
  <meta name='ocr-capabilities' content='ocr_page ocr_carea ocr_par ocr_line ocrx_word'/>
</head>
<body>
  <div class='ocr_page' id='page_1' title='image "./diplomatariuman02thorgoog_0324.png"; bbox 0 0 3234 5125; ppageno 0'>
   <div class='ocr_carea' id='block_1_1' title="bbox 274 366 1103 431">
    <p class='ocr_par' dir='ltr' id='par_1_1' title="bbox 274 366 1103 431">
     <span class='ocr_line' id='line_1_1' title="bbox 274 366 1103 431; baseline -0.013 -1"><span class='ocrx_word' id='word_1_1' title='bbox 274 376 326 430; x_wconf 70' lang='grc'><strong>289</strong></span> <span class='ocrx_word' id='word_1_2' title='bbox 548 370 869 431; x_wconf 77' lang='lat' dir='ltr'><strong>MISCELLANEOUS</strong></span> <span class='ocrx_word' id='word_1_3' title='bbox 888 366 1103 425; x_wconf 80' lang='lat' dir='ltr'><strong>GHARTERS.</strong></span> 
     </span>
    </p>
   </div>
   <div class='ocr_carea' id='block_1_2' title="bbox 319 538 1373 1043">
    <p class='ocr_par' dir='ltr' id='par_1_2' title="bbox 319 538 1243 633">
     <span class='ocr_line' id='line_1_2' title="bbox 319 538 1243 633; baseline -0.014 -20"><span class='ocrx_word' id='word_1_4' title='bbox 319 548 391 633; x_wconf 80' lang='lat' dir='ltr'><strong>Ego</strong></span> <span class='ocrx_word' id='word_1_5' title='bbox 405 546 541 633; x_wconf 80' lang='lat' dir='ltr'><strong>AElfsige</strong></span> <span class='ocrx_word' id='word_1_6' title='bbox 555 548 626 612; x_wconf 80' lang='lat' dir='ltr'><strong>mit.</strong></span> <span class='ocrx_word' id='word_1_7' title='bbox 858 542 944 629; x_wconf 75' lang='lat' dir='ltr'><strong>[Ego</strong></span> <span class='ocrx_word' id='word_1_8' title='bbox 958 538 1157 625; x_wconf 59' lang='lat' dir='ltr'><strong>muman</strong></span> <span class='ocrx_word' id='word_1_9' title='bbox 1171 538 1243 601; x_wconf 76' lang='lat' dir='ltr'><strong>mit.</strong></span> 
     </span>
    </p>

    <p class='ocr_par' dir='ltr' id='par_1_3' title="bbox 319 641 1200 737">
     <span class='ocr_line' id='line_1_3' title="bbox 319 641 1200 737; baseline -0.014 -21"><span class='ocrx_word' id='word_1_10' title='bbox 319 653 390 735; x_wconf 84' lang='lat' dir='ltr'><strong>Ego</strong></span> <span class='ocrx_word' id='word_1_11' title='bbox 405 650 606 737; x_wconf 74' lang='lat' dir='ltr'><strong>AEt[e]lsige</strong></span> <span class='ocrx_word' id='word_1_12' title='bbox 620 652 691 715; x_wconf 78' lang='lat' dir='ltr'><strong>mit.</strong></span> <span class='ocrx_word' id='word_1_13' title='bbox 857 646 943 729; x_wconf 81' lang='lat' dir='ltr'><strong>[Ego</strong></span> <span class='ocrx_word' id='word_1_14' title='bbox 953 644 1114 727; x_wconf 77' lang='lat' dir='ltr'><strong>WJuIsric</strong></span> <span class='ocrx_word' id='word_1_15' title='bbox 1128 641 1200 705; x_wconf 74' lang='lat' dir='ltr'><strong>init.</strong></span> 
     </span>
    </p>

    <p class='ocr_par' dir='ltr' id='par_1_4' title="bbox 321 744 1231 839">
     <span class='ocr_line' id='line_1_4' title="bbox 321 744 1231 839; baseline -0.012 -20"><span class='ocrx_word' id='word_1_16' title='bbox 321 756 393 839; x_wconf 82' lang='lat' dir='ltr'><strong>Ego</strong></span> <span class='ocrx_word' id='word_1_17' title='bbox 413 752 705 839; x_wconf 70' lang='lat' dir='ltr'><strong>[AEpel]mrermis.</strong></span> <span class='ocrx_word' id='word_1_18' title='bbox 858 744 1231 832; x_wconf 68' lang='lat' dir='ltr'><strong>[EgoW]olsgmtmit.</strong></span> 
     </span>
    </p>

    <p class='ocr_par' dir='ltr' id='par_1_5' title="bbox 326 846 1373 1043">
     <span class='ocr_line' id='line_1_5' title="bbox 326 846 1373 942; baseline -0.014 -20"><span class='ocrx_word' id='word_1_19' title='bbox 326 858 412 942; x_wconf 76' lang='lat' dir='ltr'><strong>[Ego</strong></span> <span class='ocrx_word' id='word_1_20' title='bbox 427 857 492 942; x_wconf 85' lang='lat' dir='ltr'><strong>By]</strong></span> <span class='ocrx_word' id='word_1_21' title='bbox 498 855 635 921; x_wconf 82' lang='lat' dir='ltr'><strong>rhtwold</strong></span> <span class='ocrx_word' id='word_1_22' title='bbox 649 856 719 919; x_wconf 75' lang='lat' dir='ltr'><strong>mit.</strong></span> <span class='ocrx_word' id='word_1_23' title='bbox 854 854 894 932; x_wconf 70' lang='lat'><strong>›1‹</strong></span> <span class='ocrx_word' id='word_1_24' title='bbox 910 852 982 934; x_wconf 75' lang='lat' dir='ltr'><strong>Ego</strong></span> <span class='ocrx_word' id='word_1_25' title='bbox 996 849 1138 933; x_wconf 79' lang='lat' dir='ltr'><strong>AEliwig,</strong></span> <span class='ocrx_word' id='word_1_26' title='bbox 1151 848 1288 911; x_wconf 88' lang='lat' dir='ltr'><strong>Westm.</strong></span> <span class='ocrx_word' id='word_1_27' title='bbox 1304 846 1373 907; x_wconf 76' lang='lat' dir='ltr'><strong>obt.</strong></span> 
     </span>
     <span class='ocr_line' id='line_1_6' title="bbox 328 957 649 1043; baseline -0.016 -17"><span class='ocrx_word' id='word_1_28' title='bbox 328 960 413 1043; x_wconf 78' lang='lat' dir='ltr'><strong>[ugo</strong></span> <span class='ocrx_word' id='word_1_29' title='bbox 428 958 569 1042; x_wconf 83' lang='lat' dir='ltr'><strong>O]rdulf</strong></span> <span class='ocrx_word' id='word_1_30' title='bbox 578 957 649 1022; x_wconf 78' lang='lat' dir='ltr'><strong>mit.</strong></span> 
     </span>
    </p>
   </div>
   <div class='ocr_carea' id='block_1_3' title="bbox 513 1458 1166 1515">
    <p class='ocr_par' dir='ltr' id='par_1_6' title="bbox 513 1458 1166 1515">
     <span class='ocr_line' id='line_1_7' title="bbox 513 1458 1166 1515; baseline -0.002 -3"><span class='ocrx_word' id='word_1_31' title='bbox 513 1472 533 1510; x_wconf 70' lang='lat' dir='ltr'><strong>e</strong></span> <span class='ocrx_word' id='word_1_32' title='bbox 546 1460 643 1515; x_wconf 83' lang='lat' dir='ltr'><strong>KING</strong></span> <span class='ocrx_word' id='word_1_33' title='bbox 661 1460 891 1515; x_wconf 81' lang='lat' dir='ltr'><strong>AE&#39;I&#39;HELRED.</strong></span> <span class='ocrx_word' id='word_1_34' title='bbox 926 1458 1166 1515; x_wconf 78' lang='lat' dir='ltr'><strong>occcuxcm.</strong></span> 
     </span>
    </p>
   </div>
   <div class='ocr_carea' id='block_1_4' title="bbox 579 1626 1088 1671">
    <p class='ocr_par' dir='ltr' id='par_1_7' title="bbox 579 1626 1088 1671">
     <span class='ocr_line' id='line_1_8' title="bbox 579 1626 1088 1671; baseline -0.002 -1"><span class='ocrx_word' id='word_1_35' title='bbox 579 1628 623 1670; x_wconf 68' lang='lat' dir='ltr'><strong>DE</strong></span> <span class='ocrx_word' id='word_1_36' title='bbox 639 1628 819 1671; x_wconf 72' lang='lat' dir='ltr'><strong>remcort</strong></span> <span class='ocrx_word' id='word_1_37' title='bbox 837 1626 1088 1670; x_wconf 63' lang='lat' dir='ltr'><strong>RESTITUTIONE.</strong></span> 
     </span>
    </p>
   </div>
   <div class='ocr_carea' id='block_1_5' title="bbox 283 1767 1394 4425">
    <p class='ocr_par' dir='ltr' id='par_1_8' title="bbox 283 1767 1394 4425">
     <span class='ocr_line' id='line_1_9' title="bbox 327 1767 1385 1854; baseline -0.005 -19"><span class='ocrx_word' id='word_1_38' title='bbox 327 1774 367 1852; x_wconf 71' lang='lat'><strong>›1‹</strong></span> <span class='ocrx_word' id='word_1_39' title='bbox 386 1771 554 1853; x_wconf 81' lang='lat' dir='ltr'><strong>Regnente</strong></span> <span class='ocrx_word' id='word_1_40' title='bbox 571 1770 606 1833; x_wconf 91' lang='lat' dir='ltr'><strong>iu</strong></span> <span class='ocrx_word' id='word_1_41' title='bbox 628 1776 822 1854; x_wconf 87' lang='lat' dir='ltr'><strong>perpetuum</strong></span> <span class='ocrx_word' id='word_1_42' title='bbox 837 1768 980 1833; x_wconf 90' lang='lat' dir='ltr'><strong>Domino</strong></span> <span class='ocrx_word' id='word_1_43' title='bbox 1002 1776 1112 1832; x_wconf 92' lang='lat' dir='ltr'><strong>nostro</strong></span> <span class='ocrx_word' id='word_1_44' title='bbox 1127 1768 1229 1831; x_wconf 88' lang='lat' dir='ltr'><strong>Jhesu</strong></span> <span class='ocrx_word' id='word_1_45' title='bbox 1244 1767 1385 1845; x_wconf 78' lang='lat' dir='ltr'><strong>Christo,</strong></span> 
     </span>
     <span class='ocr_line' id='line_1_10' title="bbox 283 1870 1386 1956; baseline -0.003 -20"><span class='ocrx_word' id='word_1_46' title='bbox 283 1872 492 1956; x_wconf 90' lang='lat' dir='ltr'><strong>omniumque</strong></span> <span class='ocrx_word' id='word_1_47' title='bbox 517 1892 617 1955; x_wconf 80' lang='lat' dir='ltr'><strong>regns</strong></span> <span class='ocrx_word' id='word_1_48' title='bbox 645 1871 837 1937; x_wconf 71' lang='lat' dir='ltr'><strong>recideram</strong></span> <span class='ocrx_word' id='word_1_49' title='bbox 864 1871 975 1954; x_wconf 76' lang='lat' dir='ltr'><strong>magui</strong></span> <span class='ocrx_word' id='word_1_50' title='bbox 998 1870 1225 1935; x_wconf 71' lang='lat' dir='ltr'><strong>moderaminis</strong></span> <span class='ocrx_word' id='word_1_51' title='bbox 1250 1870 1386 1953; x_wconf 87' lang='lat' dir='ltr'><strong>imperio</strong></span> 
     </span>
     <span class='ocr_line' id='line_1_11' title="bbox 284 1972 1385 2060; baseline -0.002 -21"><span class='ocrx_word' id='word_1_52' title='bbox 284 1974 494 2058; x_wconf 77' lang='lat' dir='ltr'><strong>gubernante.</strong></span> <span class='ocrx_word' id='word_1_53' title='bbox 538 1976 610 2057; x_wconf 84' lang='lat' dir='ltr'><strong>Ego</strong></span> <span class='ocrx_word' id='word_1_54' title='bbox 627 1972 775 2060; x_wconf 61' lang='lat' dir='ltr'><strong>Atelred</strong></span> <span class='ocrx_word' id='word_1_55' title='bbox 791 1973 893 2057; x_wconf 89' lang='lat' dir='ltr'><strong>ipsius</strong></span> <span class='ocrx_word' id='word_1_56' title='bbox 910 1973 1090 2057; x_wconf 80' lang='lat' dir='ltr'><strong>opitulante</strong></span> <span class='ocrx_word' id='word_1_57' title='bbox 1115 1972 1220 2055; x_wconf 56' lang='lat' dir='ltr'><strong>mutio</strong></span> <span class='ocrx_word' id='word_1_58' title='bbox 1241 1994 1298 2037; x_wconf 84' lang='lat' dir='ltr'><strong>rex</strong></span> <span class='ocrx_word' id='word_1_59' title='bbox 1316 1973 1385 2037; x_wconf 85' lang='lat' dir='ltr'><strong>An·</strong></span> 
     </span>
     <span class='ocr_line' id='line_1_12' title="bbox 284 2074 1387 2161; baseline -0.003 -20"><span class='ocrx_word' id='word_1_60' title='bbox 284 2078 421 2161; x_wconf 84' lang='lat' dir='ltr'><strong>glorum,</strong></span> <span class='ocrx_word' id='word_1_61' title='bbox 444 2078 529 2140; x_wconf 88' lang='lat' dir='ltr'><strong>inter</strong></span> <span class='ocrx_word' id='word_1_62' title='bbox 551 2077 652 2139; x_wconf 80' lang='lat' dir='ltr'><strong>verius</strong></span> <span class='ocrx_word' id='word_1_63' title='bbox 675 2076 771 2160; x_wconf 86' lang='lat' dir='ltr'><strong>hujus</strong></span> <span class='ocrx_word' id='word_1_64' title='bbox 795 2075 933 2139; x_wconf 75' lang='lat' dir='ltr'><strong>labentis</strong></span> <span class='ocrx_word' id='word_1_65' title='bbox 962 2076 1062 2141; x_wconf 83' lang='lat' dir='ltr'><strong>seculi</strong></span> <span class='ocrx_word' id='word_1_66' title='bbox 1090 2075 1327 2141; x_wconf 70' lang='lat' dir='ltr'><strong>vicissitudines</strong></span> <span class='ocrx_word' id='word_1_67' title='bbox 1346 2074 1387 2138; x_wconf 84' lang='lat' dir='ltr'><strong>sd</strong></span> 
     </span>
     <span class='ocr_line' id='line_1_13' title="bbox 284 2178 1386 2262; baseline -0.001 -19"><span class='ocrx_word' id='word_1_68' title='bbox 284 2179 472 2243; x_wconf 76' lang='lat' dir='ltr'><strong>memoriam</strong></span> <span class='ocrx_word' id='word_1_69' title='bbox 490 2179 602 2243; x_wconf 86' lang='lat' dir='ltr'><strong>reduxi</strong></span> <span class='ocrx_word' id='word_1_70' title='bbox 621 2178 759 2261; x_wconf 72' lang='lat' dir='ltr'><strong>qualiter</strong></span> <span class='ocrx_word' id='word_1_71' title='bbox 778 2178 814 2242; x_wconf 91' lang='lat' dir='ltr'><strong>in</strong></span> <span class='ocrx_word' id='word_1_72' title='bbox 832 2186 976 2262; x_wconf 87' lang='lat' dir='ltr'><strong>tempore</strong></span> <span class='ocrx_word' id='word_1_73' title='bbox 993 2178 1131 2261; x_wconf 86' lang='lat' dir='ltr'><strong>pueritie</strong></span> <span class='ocrx_word' id='word_1_74' title='bbox 1150 2200 1221 2243; x_wconf 90' lang='lat' dir='ltr'><strong>mee</strong></span> <span class='ocrx_word' id='word_1_75' title='bbox 1238 2199 1315 2261; x_wconf 80' lang='lat' dir='ltr'><strong>erge</strong></span> <span class='ocrx_word' id='word_1_76' title='bbox 1335 2199 1386 2243; x_wconf 90' lang='lat' dir='ltr'><strong>me</strong></span> 
     </span>
     <span class='ocr_line' id='line_1_14' title="bbox 285 2281 1386 2367; baseline -0.001 -21"><span class='ocrx_word' id='word_1_77' title='bbox 285 2288 413 2367; x_wconf 83' lang='lat' dir='ltr'><strong>gestum</strong></span> <span class='ocrx_word' id='word_1_78' title='bbox 435 2282 544 2361; x_wconf 87' lang='lat' dir='ltr'><strong>fuerit,</strong></span> <span class='ocrx_word' id='word_1_79' title='bbox 565 2282 643 2346; x_wconf 90' lang='lat' dir='ltr'><strong>dum</strong></span> <span class='ocrx_word' id='word_1_80' title='bbox 666 2290 758 2365; x_wconf 84' lang='lat' dir='ltr'><strong>peter</strong></span> <span class='ocrx_word' id='word_1_81' title='bbox 781 2302 873 2345; x_wconf 87' lang='lat' dir='ltr'><strong>meus</strong></span> <span class='ocrx_word' id='word_1_82' title='bbox 898 2302 954 2344; x_wconf 83' lang='lat' dir='ltr'><strong>rer</strong></span> <span class='ocrx_word' id='word_1_83' title='bbox 974 2281 1112 2365; x_wconf 77' lang='lat' dir='ltr'><strong>Esdgar,</strong></span> <span class='ocrx_word' id='word_1_84' title='bbox 1128 2282 1276 2345; x_wconf 84' lang='lat' dir='ltr'><strong>universe</strong></span> <span class='ocrx_word' id='word_1_85' title='bbox 1300 2289 1386 2346; x_wconf 87' lang='lat' dir='ltr'><strong>terre</strong></span> 
     </span>
     <span class='ocr_line' id='line_1_15' title="bbox 284 2383 1387 2467; baseline -0.001 -18"><span class='ocrx_word' id='word_1_86' title='bbox 284 2386 370 2449; x_wconf 79' lang='lat' dir='ltr'><strong>viem</strong></span> <span class='ocrx_word' id='word_1_87' title='bbox 390 2384 584 2467; x_wconf 86' lang='lat' dir='ltr'><strong>ingrediens,</strong></span> <span class='ocrx_word' id='word_1_88' title='bbox 600 2404 696 2448; x_wconf 89' lang='lat' dir='ltr'><strong>senex</strong></span> <span class='ocrx_word' id='word_1_89' title='bbox 713 2391 745 2447; x_wconf 89' lang='lat' dir='ltr'><strong>et</strong></span> <span class='ocrx_word' id='word_1_90' title='bbox 760 2384 874 2467; x_wconf 88' lang='lat' dir='ltr'><strong>plenus</strong></span> <span class='ocrx_word' id='word_1_91' title='bbox 895 2383 1022 2447; x_wconf 87' lang='lat' dir='ltr'><strong>dierum</strong></span> <span class='ocrx_word' id='word_1_92' title='bbox 1043 2384 1194 2467; x_wconf 76' lang='lat' dir='ltr'><strong>migravit</strong></span> <span class='ocrx_word' id='word_1_93' title='bbox 1212 2384 1253 2448; x_wconf 85' lang='lat' dir='ltr'><strong>sd</strong></span> <span class='ocrx_word' id='word_1_94' title='bbox 1272 2384 1387 2448; x_wconf 90' lang='lat' dir='ltr'><strong>Domi-</strong></span> 
     </span>
     <span class='ocr_line' id='line_1_16' title="bbox 284 2486 1385 2573; baseline -0.003 -21"><span class='ocrx_word' id='word_1_95' title='bbox 284 2509 383 2567; x_wconf 86' lang='lat' dir='ltr'><strong>num3</strong></span> <span class='ocrx_word' id='word_1_96' title='bbox 409 2487 495 2573; x_wconf 91' lang='lat' dir='ltr'><strong>quod</strong></span> <span class='ocrx_word' id='word_1_97' title='bbox 508 2487 657 2551; x_wconf 81' lang='lat' dir='ltr'><strong>videlicet</strong></span> <span class='ocrx_word' id='word_1_98' title='bbox 680 2508 791 2552; x_wconf 89' lang='lat' dir='ltr'><strong>omnes</strong></span> <span class='ocrx_word' id='word_1_99' title='bbox 814 2486 984 2571; x_wconf 87' lang='lat' dir='ltr'><strong>utriusque</strong></span> <span class='ocrx_word' id='word_1_100' title='bbox 1006 2486 1129 2550; x_wconf 81' lang='lat' dir='ltr'><strong>ordinis</strong></span> <span class='ocrx_word' id='word_1_101' title='bbox 1150 2487 1323 2571; x_wconf 81' lang='lat' dir='ltr'><strong>optimates</strong></span> <span class='ocrx_word' id='word_1_102' title='bbox 1346 2486 1385 2549; x_wconf 82' lang='lat' dir='ltr'><strong>ed</strong></span> 
     </span>
     <span class='ocr_line' id='line_1_17' title="bbox 285 2589 1385 2676; baseline -0.002 -20"><span class='ocrx_word' id='word_1_103' title='bbox 285 2593 376 2676; x_wconf 84' lang='lat' dir='ltr'><strong>regni</strong></span> <span class='ocrx_word' id='word_1_104' title='bbox 402 2591 618 2675; x_wconf 76' lang='lat' dir='ltr'><strong>gubernaculo</strong></span> <span class='ocrx_word' id='word_1_105' title='bbox 644 2589 840 2654; x_wconf 82' lang='lat' dir='ltr'><strong>modersnds</strong></span> <span class='ocrx_word' id='word_1_106' title='bbox 864 2590 997 2654; x_wconf 75' lang='lat' dir='ltr'><strong>fratrem</strong></span> <span class='ocrx_word' id='word_1_107' title='bbox 1020 2611 1131 2654; x_wconf 90' lang='lat' dir='ltr'><strong>meum</strong></span> <span class='ocrx_word' id='word_1_108' title='bbox 1155 2590 1385 2654; x_wconf 81' lang='lat' dir='ltr'><strong>Esduusrdum</strong></span> 
     </span>
     <span class='ocr_line' id='line_1_18' title="bbox 284 2692 1388 2777; baseline -0.002 -19"><span class='ocrx_word' id='word_1_109' title='bbox 284 2693 481 2758; x_wconf 86' lang='lat' dir='ltr'><strong>unanimiter</strong></span> <span class='ocrx_word' id='word_1_110' title='bbox 505 2694 680 2777; x_wconf 87' lang='lat' dir='ltr'><strong>elegerunt,</strong></span> <span class='ocrx_word' id='word_1_111' title='bbox 702 2693 847 2776; x_wconf 89' lang='lat' dir='ltr'><strong>mihique</strong></span> <span class='ocrx_word' id='word_1_112' title='bbox 870 2700 972 2756; x_wconf 79' lang='lat' dir='ltr'><strong>terres</strong></span> <span class='ocrx_word' id='word_1_113' title='bbox 995 2692 1036 2756; x_wconf 83' lang='lat' dir='ltr'><strong>ed</strong></span> <span class='ocrx_word' id='word_1_114' title='bbox 1058 2693 1164 2776; x_wconf 82' lang='lat' dir='ltr'><strong>regios</strong></span> <span class='ocrx_word' id='word_1_115' title='bbox 1188 2693 1388 2776; x_wconf 85' lang='lat' dir='ltr'><strong>pertinentes</strong></span> 
     </span>
     <span class='ocr_line' id='line_1_19' title="bbox 286 2795 1387 2878; baseline 0 -18"><span class='ocrx_word' id='word_1_116' title='bbox 286 2797 369 2861; x_wconf 87' lang='lat' dir='ltr'><strong>filios</strong></span> <span class='ocrx_word' id='word_1_117' title='bbox 391 2797 427 2860; x_wconf 92' lang='lat' dir='ltr'><strong>in</strong></span> <span class='ocrx_word' id='word_1_118' title='bbox 452 2817 540 2860; x_wconf 82' lang='lat' dir='ltr'><strong>meos</strong></span> <span class='ocrx_word' id='word_1_119' title='bbox 563 2816 641 2859; x_wconf 83' lang='lat' dir='ltr'><strong>usus</strong></span> <span class='ocrx_word' id='word_1_120' title='bbox 663 2795 875 2861; x_wconf 78' lang='lat' dir='ltr'><strong>tradiderimt.</strong></span> <span class='ocrx_word' id='word_1_121' title='bbox 920 2796 972 2859; x_wconf 83' lang='lat' dir='ltr'><strong>Er</strong></span> <span class='ocrx_word' id='word_1_122' title='bbox 993 2795 1121 2878; x_wconf 88' lang='lat' dir='ltr'><strong>quibus,</strong></span> <span class='ocrx_word' id='word_1_123' title='bbox 1139 2796 1272 2874; x_wconf 88' lang='lat' dir='ltr'><strong>scilicet,</strong></span> <span class='ocrx_word' id='word_1_124' title='bbox 1290 2795 1387 2860; x_wconf 84' lang='lat' dir='ltr'><strong>terris</strong></span> 
     </span>
     <span class='ocr_line' id='line_1_20' title="bbox 286 2897 1387 2983; baseline 0 -21"><span class='ocrx_word' id='word_1_125' title='bbox 286 2898 439 2983; x_wconf 79' lang='lat' dir='ltr'><strong>quosdam</strong></span> <span class='ocrx_word' id='word_1_126' title='bbox 461 2906 552 2982; x_wconf 83' lang='lat' dir='ltr'><strong>peter</strong></span> <span class='ocrx_word' id='word_1_127' title='bbox 565 2919 656 2962; x_wconf 89' lang='lat' dir='ltr'><strong>meus</strong></span> <span class='ocrx_word' id='word_1_128' title='bbox 671 2897 749 2960; x_wconf 91' lang='lat' dir='ltr'><strong>dum</strong></span> <span class='ocrx_word' id='word_1_129' title='bbox 763 2905 912 2980; x_wconf 71' lang='lat' dir='ltr'><strong>regnaret</strong></span> <span class='ocrx_word' id='word_1_130' title='bbox 927 2898 1143 2981; x_wconf 82' lang='lat' dir='ltr'><strong>omnipotenti</strong></span> <span class='ocrx_word' id='word_1_131' title='bbox 1158 2898 1288 2963; x_wconf 83' lang='lat' dir='ltr'><strong>Christo</strong></span> <span class='ocrx_word' id='word_1_132' title='bbox 1303 2901 1387 2982; x_wconf 91' lang='lat' dir='ltr'><strong>ejus-</strong></span> 
     </span>
     <span class='ocr_line' id='line_1_21' title="bbox 287 3000 1387 3086; baseline -0.001 -20"><span class='ocrx_word' id='word_1_133' title='bbox 287 3023 349 3085; x_wconf 86' lang='lat' dir='ltr'><strong>que</strong></span> <span class='ocrx_word' id='word_1_134' title='bbox 371 3000 519 3084; x_wconf 85' lang='lat' dir='ltr'><strong>genitrici</strong></span> <span class='ocrx_word' id='word_1_135' title='bbox 539 3001 655 3065; x_wconf 82' lang='lat' dir='ltr'><strong>Sencte</strong></span> <span class='ocrx_word' id='word_1_136' title='bbox 671 3000 776 3064; x_wconf 84' lang='lat' dir='ltr'><strong>Merie</strong></span> <span class='ocrx_word' id='word_1_137' title='bbox 798 3001 839 3064; x_wconf 88' lang='lat' dir='ltr'><strong>sd</strong></span> <span class='ocrx_word' id='word_1_138' title='bbox 853 3001 1085 3065; x_wconf 71' lang='lat' dir='ltr'><strong>monesterium</strong></span> <span class='ocrx_word' id='word_1_139' title='bbox 1100 3003 1188 3086; x_wconf 93' lang='lat' dir='ltr'><strong>quod</strong></span> <span class='ocrx_word' id='word_1_140' title='bbox 1201 3001 1387 3066; x_wconf 83' lang='lat' dir='ltr'><strong>Abbondun</strong></span> 
     </span>
     <span class='ocr_line' id='line_1_22' title="bbox 286 3103 1388 3187; baseline 0 -19"><span class='ocrx_word' id='word_1_141' title='bbox 286 3111 499 3185; x_wconf 81' lang='lat' dir='ltr'><strong>nuncupatur,</strong></span> <span class='ocrx_word' id='word_1_142' title='bbox 517 3124 573 3185; x_wconf 92' lang='lat' dir='ltr'><strong>pro</strong></span> <span class='ocrx_word' id='word_1_143' title='bbox 598 3103 818 3187; x_wconf 86' lang='lat' dir='ltr'><strong>redemptione</strong></span> <span class='ocrx_word' id='word_1_144' title='bbox 841 3103 947 3168; x_wconf 84' lang='lat' dir='ltr'><strong>unime</strong></span> <span class='ocrx_word' id='word_1_145' title='bbox 968 3125 1035 3182; x_wconf 84' lang='lat' dir='ltr'><strong>sue,</strong></span> <span class='ocrx_word' id='word_1_146' title='bbox 1051 3105 1227 3170; x_wconf 84' lang='lat' dir='ltr'><strong>concessit:</strong></span> <span class='ocrx_word' id='word_1_147' title='bbox 1255 3105 1317 3170; x_wconf 88' lang='lat' dir='ltr'><strong>hoc</strong></span> <span class='ocrx_word' id='word_1_148' title='bbox 1338 3113 1388 3169; x_wconf 89' lang='lat' dir='ltr'><strong>est</strong></span> 
     </span>
     <span class='ocr_line' id='line_1_23' title="bbox 287 3204 1388 3290; baseline 0.002 -20"><span class='ocrx_word' id='word_1_149' title='bbox 287 3204 497 3270; x_wconf 89' lang='lat' dir='ltr'><strong>Bedeuuinde</strong></span> <span class='ocrx_word' id='word_1_150' title='bbox 521 3225 595 3268; x_wconf 89' lang='lat' dir='ltr'><strong>cum</strong></span> <span class='ocrx_word' id='word_1_151' title='bbox 619 3204 768 3269; x_wconf 83' lang='lat' dir='ltr'><strong>omnibus</strong></span> <span class='ocrx_word' id='word_1_152' title='bbox 791 3205 832 3270; x_wconf 84' lang='lat' dir='ltr'><strong>od</strong></span> <span class='ocrx_word' id='word_1_153' title='bbox 858 3227 892 3270; x_wconf 89' lang='lat' dir='ltr'><strong>se</strong></span> <span class='ocrx_word' id='word_1_154' title='bbox 918 3207 1164 3290; x_wconf 88' lang='lat' dir='ltr'><strong>pertinentibus,</strong></span> <span class='ocrx_word' id='word_1_155' title='bbox 1187 3208 1388 3272; x_wconf 86' lang='lat' dir='ltr'><strong>Hisseburns</strong></span> 
     </span>
     <span class='ocr_line' id='line_1_24' title="bbox 288 3306 1389 3394; baseline 0.004 -22"><span class='ocrx_word' id='word_1_156' title='bbox 288 3329 363 3372; x_wconf 91' lang='lat' dir='ltr'><strong>cum</strong></span> <span class='ocrx_word' id='word_1_157' title='bbox 377 3306 532 3370; x_wconf 85' lang='lat' dir='ltr'><strong>universis</strong></span> <span class='ocrx_word' id='word_1_158' title='bbox 554 3307 620 3370; x_wconf 82' lang='lat' dir='ltr'><strong>suis</strong></span> <span class='ocrx_word' id='word_1_159' title='bbox 638 3307 876 3390; x_wconf 80' lang='lat' dir='ltr'><strong>appendicibus,</strong></span> <span class='ocrx_word' id='word_1_160' title='bbox 891 3309 1041 3374; x_wconf 89' lang='lat' dir='ltr'><strong>Burhbec</strong></span> <span class='ocrx_word' id='word_1_161' title='bbox 1064 3331 1238 3394; x_wconf 87' lang='lat' dir='ltr'><strong>omnesque</strong></span> <span class='ocrx_word' id='word_1_162' title='bbox 1255 3311 1317 3375; x_wconf 89' lang='lat' dir='ltr'><strong>sibi</strong></span> <span class='ocrx_word' id='word_1_163' title='bbox 1331 3312 1389 3376; x_wconf 82' lang='lat' dir='ltr'><strong>sd-</strong></span> 
     </span>
     <span class='ocr_line' id='line_1_25' title="bbox 283 3409 1389 3497; baseline 0.002 -22"><span class='ocrx_word' id='word_1_164' title='bbox 283 3413 428 3496; x_wconf 83' lang='lat' dir='ltr'><strong>jecentes</strong></span> <span class='ocrx_word' id='word_1_165' title='bbox 442 3409 596 3473; x_wconf 89' lang='lat' dir='ltr'><strong>redditus.</strong></span> <span class='ocrx_word' id='word_1_166' title='bbox 643 3409 715 3476; x_wconf 78' lang='lat' dir='ltr'><strong>Que</strong></span> <span class='ocrx_word' id='word_1_167' title='bbox 730 3411 841 3474; x_wconf 86' lang='lat' dir='ltr'><strong>statim</strong></span> <span class='ocrx_word' id='word_1_168' title='bbox 860 3419 955 3491; x_wconf 85' lang='lat' dir='ltr'><strong>terre,</strong></span> <span class='ocrx_word' id='word_1_169' title='bbox 967 3413 1063 3496; x_wconf 77' lang='lat' dir='ltr'><strong>juxta</strong></span> <span class='ocrx_word' id='word_1_170' title='bbox 1084 3413 1249 3476; x_wconf 90' lang='lat' dir='ltr'><strong>decretum</strong></span> <span class='ocrx_word' id='word_1_171' title='bbox 1269 3421 1303 3477; x_wconf 89' lang='lat' dir='ltr'><strong>et</strong></span> <span class='ocrx_word' id='word_1_172' title='bbox 1317 3437 1389 3497; x_wconf 88' lang='lat' dir='ltr'><strong>pre-</strong></span> 
     </span>
     <span class='ocr_line' id='line_1_26' title="bbox 288 3513 1391 3598; baseline 0.003 -20"><span class='ocrx_word' id='word_1_173' title='bbox 288 3514 470 3598; x_wconf 86' lang='lat' dir='ltr'><strong>ceptionem</strong></span> <span class='ocrx_word' id='word_1_174' title='bbox 496 3520 685 3576; x_wconf 89' lang='lat' dir='ltr'><strong>cunctorum</strong></span> <span class='ocrx_word' id='word_1_175' title='bbox 709 3513 903 3597; x_wconf 85' lang='lat' dir='ltr'><strong>optimatum</strong></span> <span class='ocrx_word' id='word_1_176' title='bbox 920 3514 960 3578; x_wconf 90' lang='lat' dir='ltr'><strong>de</strong></span> <span class='ocrx_word' id='word_1_177' title='bbox 977 3514 1101 3597; x_wconf 76' lang='lat' dir='ltr'><strong>prefato</strong></span> <span class='ocrx_word' id='word_1_178' title='bbox 1123 3524 1236 3580; x_wconf 81' lang='lat' dir='ltr'><strong>sancto</strong></span> <span class='ocrx_word' id='word_1_179' title='bbox 1257 3517 1391 3581; x_wconf 89' lang='lat' dir='ltr'><strong>cenobio</strong></span> 
     </span>
     <span class='ocr_line' id='line_1_27' title="bbox 288 3616 1392 3701; baseline 0.001 -19"><span class='ocrx_word' id='word_1_180' title='bbox 288 3619 445 3682; x_wconf 88' lang='lat' dir='ltr'><strong>violenter</strong></span> <span class='ocrx_word' id='word_1_181' title='bbox 453 3616 621 3696; x_wconf 75' lang='lat' dir='ltr'><strong>abstracte,</strong></span> <span class='ocrx_word' id='word_1_182' title='bbox 632 3638 764 3700; x_wconf 87' lang='lat' dir='ltr'><strong>meeque</strong></span> <span class='ocrx_word' id='word_1_183' title='bbox 775 3617 903 3696; x_wconf 88' lang='lat' dir='ltr'><strong>ditioni,</strong></span> <span class='ocrx_word' id='word_1_184' title='bbox 912 3617 1038 3680; x_wconf 83' lang='lat' dir='ltr'><strong>hisdem</strong></span> <span class='ocrx_word' id='word_1_185' title='bbox 1046 3618 1305 3701; x_wconf 84' lang='lat' dir='ltr'><strong>precipientibus,</strong></span> <span class='ocrx_word' id='word_1_186' title='bbox 1315 3628 1392 3683; x_wconf 85' lang='lat' dir='ltr'><strong>sunt</strong></span> 
     </span>
     <span class='ocr_line' id='line_1_28' title="bbox 289 3720 1390 3806; baseline 0.001 -22"><span class='ocrx_word' id='word_1_187' title='bbox 289 3720 441 3798; x_wconf 81' lang='lat' dir='ltr'><strong>subscte;</strong></span> <span class='ocrx_word' id='word_1_188' title='bbox 464 3741 562 3804; x_wconf 80' lang='lat' dir='ltr'><strong>quem</strong></span> <span class='ocrx_word' id='word_1_189' title='bbox 582 3741 650 3784; x_wconf 91' lang='lat' dir='ltr'><strong>rem</strong></span> <span class='ocrx_word' id='word_1_190' title='bbox 671 3721 698 3783; x_wconf 89' lang='lat' dir='ltr'><strong>si</strong></span> <span class='ocrx_word' id='word_1_191' title='bbox 720 3722 809 3804; x_wconf 84' lang='lat' dir='ltr'><strong>juste</strong></span> <span class='ocrx_word' id='word_1_192' title='bbox 831 3728 889 3784; x_wconf 81' lang='lat' dir='ltr'><strong>sut</strong></span> <span class='ocrx_word' id='word_1_193' title='bbox 909 3721 1030 3804; x_wconf 87' lang='lat' dir='ltr'><strong>injuste</strong></span> <span class='ocrx_word' id='word_1_194' title='bbox 1052 3720 1187 3785; x_wconf 82' lang='lat' dir='ltr'><strong>fecerint</strong></span> <span class='ocrx_word' id='word_1_195' title='bbox 1199 3722 1263 3806; x_wconf 85' lang='lat' dir='ltr'><strong>ipsi</strong></span> <span class='ocrx_word' id='word_1_196' title='bbox 1276 3723 1390 3786; x_wconf 82' lang='lat' dir='ltr'><strong>scient.</strong></span> 
     </span>
     <span class='ocr_line' id='line_1_29' title="bbox 289 3822 1392 3906; baseline 0.001 -19"><span class='ocrx_word' id='word_1_197' title='bbox 289 3822 417 3887; x_wconf 86' lang='lat' dir='ltr'><strong>Deinde</strong></span> <span class='ocrx_word' id='word_1_198' title='bbox 426 3843 500 3886; x_wconf 89' lang='lat' dir='ltr'><strong>cum</strong></span> <span class='ocrx_word' id='word_1_199' title='bbox 511 3822 610 3886; x_wconf 80' lang='lat' dir='ltr'><strong>freter</strong></span> <span class='ocrx_word' id='word_1_200' title='bbox 619 3845 710 3888; x_wconf 85' lang='lat' dir='ltr'><strong>meus</strong></span> <span class='ocrx_word' id='word_1_201' title='bbox 721 3822 782 3887; x_wconf 90' lang='lat' dir='ltr'><strong>hoc</strong></span> <span class='ocrx_word' id='word_1_202' title='bbox 797 3844 1027 3906; x_wconf 87' lang='lat' dir='ltr'><strong>erumpnosum</strong></span> <span class='ocrx_word' id='word_1_203' title='bbox 1039 3823 1180 3888; x_wconf 85' lang='lat' dir='ltr'><strong>deseruit</strong></span> <span class='ocrx_word' id='word_1_204' title='bbox 1194 3827 1350 3903; x_wconf 87' lang='lat' dir='ltr'><strong>seculum,</strong></span> <span class='ocrx_word' id='word_1_205' title='bbox 1359 3831 1392 3888; x_wconf 90' lang='lat' dir='ltr'><strong>et</strong></span> 
     </span>
     <span class='ocr_line' id='line_1_30' title="bbox 289 3924 1392 4009; baseline 0.001 -19"><span class='ocrx_word' id='word_1_206' title='bbox 289 3927 350 3991; x_wconf 89' lang='lat' dir='ltr'><strong>sibi</strong></span> <span class='ocrx_word' id='word_1_207' title='bbox 369 3948 389 3988; x_wconf 86' lang='lat' dir='ltr'><strong>s</strong></span> <span class='ocrx_word' id='word_1_208' title='bbox 402 3926 473 3988; x_wconf 92' lang='lat' dir='ltr'><strong>Deo</strong></span> <span class='ocrx_word' id='word_1_209' title='bbox 494 3924 749 4008; x_wconf 78' lang='lat' dir='ltr'><strong>predestinatum</strong></span> <span class='ocrx_word' id='word_1_210' title='bbox 763 3926 907 4009; x_wconf 88' lang='lat' dir='ltr'><strong>percepit</strong></span> <span class='ocrx_word' id='word_1_211' title='bbox 922 3926 1169 3992; x_wconf 78' lang='lat' dir='ltr'><strong>interminabilis</strong></span> <span class='ocrx_word' id='word_1_212' title='bbox 1182 3929 1249 3993; x_wconf 86' lang='lat' dir='ltr'><strong>vite</strong></span> <span class='ocrx_word' id='word_1_213' title='bbox 1271 3928 1392 3992; x_wconf 87' lang='lat' dir='ltr'><strong>emolu·</strong></span> 
     </span>
     <span class='ocr_line' id='line_1_31' title="bbox 288 4029 1393 4115; baseline 0.001 -21"><span class='ocrx_word' id='word_1_214' title='bbox 288 4036 444 4106; x_wconf 88' lang='lat' dir='ltr'><strong>mentum,</strong></span> <span class='ocrx_word' id='word_1_215' title='bbox 458 4049 529 4111; x_wconf 86' lang='lat' dir='ltr'><strong>ego,</strong></span> <span class='ocrx_word' id='word_1_216' title='bbox 541 4036 704 4096; x_wconf 80' lang='lat' dir='ltr'><strong>annuente</strong></span> <span class='ocrx_word' id='word_1_217' title='bbox 713 4029 854 4106; x_wconf 83' lang='lat' dir='ltr'><strong>Christo,</strong></span> <span class='ocrx_word' id='word_1_218' title='bbox 865 4035 899 4092; x_wconf 91' lang='lat' dir='ltr'><strong>et</strong></span> <span class='ocrx_word' id='word_1_219' title='bbox 907 4030 1064 4112; x_wconf 80' lang='lat' dir='ltr'><strong>regalium</strong></span> <span class='ocrx_word' id='word_1_220' title='bbox 1078 4031 1220 4094; x_wconf 87' lang='lat' dir='ltr'><strong>simulet</strong></span> <span class='ocrx_word' id='word_1_221' title='bbox 1234 4032 1274 4095; x_wconf 82' lang='lat' dir='ltr'><strong>ad</strong></span> <span class='ocrx_word' id='word_1_222' title='bbox 1288 4030 1393 4115; x_wconf 80' lang='lat' dir='ltr'><strong>regios</strong></span> 
     </span>
     <span class='ocr_line' id='line_1_32' title="bbox 288 4131 1393 4217; baseline 0.001 -19"><span class='ocrx_word' id='word_1_223' title='bbox 288 4133 371 4198; x_wconf 85' lang='lat' dir='ltr'><strong>filios</strong></span> <span class='ocrx_word' id='word_1_224' title='bbox 385 4131 617 4216; x_wconf 89' lang='lat' dir='ltr'><strong>pertinentium</strong></span> <span class='ocrx_word' id='word_1_225' title='bbox 627 4138 786 4194; x_wconf 83' lang='lat' dir='ltr'><strong>terrarum</strong></span> <span class='ocrx_word' id='word_1_226' title='bbox 802 4133 928 4217; x_wconf 86' lang='lat' dir='ltr'><strong>suscepi</strong></span> <span class='ocrx_word' id='word_1_227' title='bbox 936 4133 1125 4197; x_wconf 88' lang='lat' dir='ltr'><strong>dominimn.</strong></span> <span class='ocrx_word' id='word_1_228' title='bbox 1159 4136 1259 4210; x_wconf 77' lang='lat' dir='ltr'><strong>Nunc</strong></span> <span class='ocrx_word' id='word_1_229' title='bbox 1273 4143 1393 4213; x_wconf 88' lang='lat' dir='ltr'><strong>sutem,</strong></span> 
     </span>
     <span class='ocr_line' id='line_1_33' title="bbox 288 4233 1394 4321; baseline 0.002 -21"><span class='ocrx_word' id='word_1_230' title='bbox 288 4237 363 4321; x_wconf 85' lang='lat' dir='ltr'><strong>quis</strong></span> <span class='ocrx_word' id='word_1_231' title='bbox 377 4234 458 4298; x_wconf 90' lang='lat' dir='ltr'><strong>mihi</strong></span> <span class='ocrx_word' id='word_1_232' title='bbox 470 4233 596 4298; x_wconf 88' lang='lat' dir='ltr'><strong>videtur</strong></span> <span class='ocrx_word' id='word_1_233' title='bbox 610 4254 679 4298; x_wconf 82' lang='lat' dir='ltr'><strong>esse</strong></span> <span class='ocrx_word' id='word_1_234' title='bbox 692 4233 785 4298; x_wconf 78' lang='lat' dir='ltr'><strong>valde</strong></span> <span class='ocrx_word' id='word_1_235' title='bbox 800 4235 973 4299; x_wconf 92' lang='lat' dir='ltr'><strong>molestum</strong></span> <span class='ocrx_word' id='word_1_236' title='bbox 988 4238 1089 4320; x_wconf 83' lang='lat' dir='ltr'><strong>putris</strong></span> <span class='ocrx_word' id='word_1_237' title='bbox 1104 4239 1169 4302; x_wconf 89' lang='lat' dir='ltr'><strong>mei</strong></span> <span class='ocrx_word' id='word_1_238' title='bbox 1183 4239 1347 4302; x_wconf 90' lang='lat' dir='ltr'><strong>incurrere</strong></span> <span class='ocrx_word' id='word_1_239' title='bbox 1360 4246 1394 4302; x_wconf 89' lang='lat' dir='ltr'><strong>et</strong></span> 
     </span>
     <span class='ocr_line' id='line_1_34' title="bbox 288 4337 1393 4425; baseline 0.004 -22"><span class='ocrx_word' id='word_1_240' title='bbox 288 4347 416 4425; x_wconf 83' lang='lat' dir='ltr'><strong>porture</strong></span> <span class='ocrx_word' id='word_1_241' title='bbox 430 4337 648 4416; x_wconf 81' lang='lat' dir='ltr'><strong>meledictum,</strong></span> <span class='ocrx_word' id='word_1_242' title='bbox 664 4337 833 4402; x_wconf 89' lang='lat' dir='ltr'><strong>retinendo</strong></span> <span class='ocrx_word' id='word_1_243' title='bbox 848 4338 910 4404; x_wconf 91' lang='lat' dir='ltr'><strong>hoc</strong></span> <span class='ocrx_word' id='word_1_244' title='bbox 932 4341 1019 4423; x_wconf 87' lang='lat' dir='ltr'><strong>quod</strong></span> <span class='ocrx_word' id='word_1_245' title='bbox 1040 4341 1109 4424; x_wconf 88' lang='lat' dir='ltr'><strong>ipse</strong></span> <span class='ocrx_word' id='word_1_246' title='bbox 1127 4364 1185 4425; x_wconf 88' lang='lat' dir='ltr'><strong>pro</strong></span> <span class='ocrx_word' id='word_1_247' title='bbox 1207 4364 1265 4407; x_wconf 89' lang='lat' dir='ltr'><strong>sue</strong></span> <span class='ocrx_word' id='word_1_248' title='bbox 1287 4343 1393 4412; x_wconf 80' lang='lat' dir='ltr'><strong>anime</strong></span> 
     </span>
    </p>
   </div>
   <div class='ocr_carea' id='block_1_6' title="bbox 0 0 1631 5125">
    <p class='ocr_par' dir='ltr' id='par_1_9' title="bbox 0 0 1631 5125">
     <span class='ocr_line' id='line_1_35' title="bbox 0 0 1631 5125; baseline 0 0"><span class='ocrx_word' id='word_1_249' title='bbox 0 0 1631 5125; x_wconf 95' lang='lat' dir='ltr'><strong> </strong></span> 
     </span>
    </p>
   </div>
  </div>
 </body>
</html>
