3234 5125
281 347 335 402 216
556 344 880 403 MISOELLANEOUS
898 345 1112 409 OHARTERS.

554 573 652 629 KING
669 573 839 629 EADGAR
875 572 1113 630 Dccccuxw.

329 724 369 804 ›1‹
385 722 427 786 In
440 723 572 787 nomine
584 722 750 806 regnantis
760 722 796 785 in
811 729 1002 806 perpetuum
1017 718 1152 786 Domini
1167 718 1269 783 nostri
1284 718 1387 793 Jbesu

284 824 417 891 Christi.
461 827 534 909 Ego
553 824 721 909 Eadgarus
743 824 801 889 rex
826 824 1009 908 Auglorum
1038 830 1280 905 ceterarumque
1308 841 1386 903 gen-

285 926 378 1006 tium,
393 927 599 993 considemus
618 936 652 992 et
665 927 809 993 recolens
824 926 911 1011 quod
928 925 1026 990 etiam
1041 948 1096 990 vas
1118 923 1282 989 electionis
1297 942 1386 987 vera-

284 1030 421 1095 cissimis
434 1030 578 1095 innotuit
591 1030 708 1109 verbis,
723 1030 810 1115 quod
824 1029 860 1093 in
873 1029 1055 1096 novissimis
1074 1026 1273 1112 temporibus
1286 1025 1386 1089 insta·

284 1140 357 1197 rent
378 1141 525 1218 tempora
547 1134 735 1219 periculosa,
759 1133 878 1199 idcirco
901 1134 1122 1218 uuusquisque
1151 1132 1191 1197 de
1217 1130 1388 1214 semetipso

284 1236 410 1319 plenius
435 1236 553 1321 poterit
579 1257 751 1320 agnoscere
774 1236 860 1321 quod
884 1244 1006 1321 quanto
1029 1236 1101 1320 quis
1123 1235 1159 1299 in
1180 1234 1242 1299 ho'c
1259 1241 1388 1297 terreuo

284 1337 468 1404 habitaculo
490 1339 668 1423 longiorem
691 1340 885 1423 protraxerit
900 1340 1009 1419 vitam,
1024 1346 1118 1403 tanto
1135 1337 1296 1401 veraciora
1319 1356 1388 1400 esse

284 1441 394 1505 omnia
413 1463 485 1525 quae
501 1442 580 1506 olim
598 1442 723 1526 antiqui
738 1450 827 1508 vates
845 1442 1000 1507 divinitus
1021 1441 1128 1507 edocti
1147 1439 1299 1524 inplenda
1320 1460 1388 1503 esse

284 1542 502 1626 predixerunt.
557 1544 653 1610 Quod
674 1565 807 1609 cernens
827 1566 887 1628 ego
910 1544 1124 1610 necessarium
1153 1543 1231 1608 duri
1256 1548 1306 1622 ut,
1331 1562 1388 1626 per

284 1647 546 1712 intercessionem
561 1647 784 1731 plurimorum
799 1670 859 1733 pro
874 1648 967 1713 venia
986 1648 1177 1713 delictorum
1194 1666 1340 1710 meorum
1354 1650 1388 1709 et

284 1749 403 1833 requiae
425 1759 555 1816 aeterua
576 1750 781 1834 adipiscenda
801 1750 919 1815 auimae
937 1763 1018 1815 me'ae
1041 1750 1161 1834 aliquid
1183 1770 1222 1813 ex
1242 1749 1288 1813 eis
1307 1768 1388 1831 quae
1462 1766 1465 1769 ·

286 1850 367 1915 mihi
381 1852 532 1936 Largitur
545 1852 702 1918 bonorum
715 1854 784 1939 Xps
798 1852 872 1919 Dfis
886 1854 1006 1919 donare
1020 1854 1173 1938 diguatus
1188 1860 1248 1931 est,
1262 1852 1324 1917 hoc
1339 1859 1388 1915 est

285 1954 397 2018 decem
418 1976 546 2019 mansas
565 1956 652 2039 quod
665 1956 845 2040 Cantigeue
859 1956 973 2021 dicunt
987 1978 1019 2020 x.
1035 1956 1182 2039 suluuga,
1197 1954 1233 2019 iu
1246 1954 1304 2019 illo
1317 1954 1388 2018 loco

285 2056 342 2122 ubi
359 2057 552 2141 jamdudum
574 2058 704 2124 solioole
717 2059 805 2123 illius
821 2060 963 2143 regionis
977 2080 1096 2125 nomen
1110 2059 1333 2144 imposuenmt
1346 2058 1388 2122 et

285 2160 485 2244 Bromleage,
508 2160 570 2227 tibi
584 2162 758 2227 venerabili
777 2163 922 2247 apostolo
945 2164 1011 2249 X'pi
1035 2165 1098 2228 Sb‘o
1112 2162 1262 2241 Andreae,
1277 2170 1310 2225 et
1329 2182 1387 2245 pro

285 2262 434 2347 placabili
448 2264 585 2348 pecunia
599 2264 753 2331 AElfstaui
771 2266 937 2345 antistitis,
955 2266 1126 2332 aecclesiae
1142 2265 1296 2331 Hrolensi
1311 2286 1387 2330 oon-

284 2366 373 2446 oedo,
389 2388 464 2432 cum
477 2368 628 2432 omuibus
641 2369 834 2434 utensilibus
851 2390 934 2454 quae
949 2372 997 2435 Da
1011 2370 1164 2435 caelorum
1182 2370 1217 2433 iu
1236 2369 1306 2455 ipso
1327 2368 1387 2433 tel-

285 2469 366 2534 luris
379 2470 524 2554 gramine
534 2471 665 2551 creavit,
675 2478 743 2537 tam
757 2472 793 2537 in
806 2473 895 2539 notis
909 2474 1013 2538 causis
1024 2482 1057 2538 et
1064 2472 1195 2558 ignotis,
1203 2472 1240 2536 iu
1254 2470 1389 2537 modicis

203 2622 207 2628 .
285 2580 319 2637 et
350 2575 385 2638 iu
414 2575 551 2660 maguis,
580 2575 713 2660 eampis,
736 2577 873 2660 pascuis,
902 2577 1013 2661 pratis,
1044 2577 1142 2656 silvis,
1172 2576 1388 2659 silvarumque

285 2676 508 2758 densitatibus,
533 2678 658 2744 donans
686 2678 814 2745 donabo
839 2680 1034 2758 libertatem,
1058 2687 1166 2764 preter
1188 2673 1389 2763 expeditione

284 2788 319 2845 et
332 2781 441 2866 pontis
464 2781 583 2847 arcisve
608 2781 838 2861 iustmotione3
870 2782 947 2867 quia
967 2781 1052 2847 tanti
1073 2781 1168 2866 pretii
1193 2789 1317 2846 emtum
1340 2787 1389 2844 est

285 2883 501 2968 suprascripta
515 2892 602 2949 terra
622 2884 811 2968 octuaginta
827 2884 989 2950 mancusis
1011 2885 1081 2948 auri
1094 2884 1268 2969 purissimi,
1284 2892 1318 2948 et
1332 2881 1389 2948 sex

284 2986 411 3069 pondus
425 2987 519 3052 electi
536 2986 673 3071 argenti.
717 2988 762 3052 Et
776 2987 906 3072 insuper
922 2987 1009 3052 dona
1030 3009 1104 3052 meo
1125 2987 1266 3072 prefecto
1280 2987 1388 3052 wulf-

285 3097 380 3154 stano
404 3089 554 3154 donando
577 3089 667 3154 auxit
682 3087 770 3152 xxx*
784 3111 953 3155 mansimus
978 3091 1059 3169 auri,
1078 3099 1116 3155 ut
1137 3091 1201 3154 fisa
1219 3097 1252 3154 et
1273 3090 1389 3155 immo·

286 3191 359 3256 bilis
384 3199 569 3276 permaneat
591 3191 858 3276 sempiternaliter
879 3201 990 3258 nostra
1012 3193 1155 3258 donatio.
1199 3193 1254 3258 Ita
1277 3192 1390 3277 adjuro

286 3295 321 3358 iu
335 3295 467 3359 nomine
475 3293 544 3360 Dfii
554 3296 619 3361 Dei
631 3296 683 3359 nii
693 3297 715 3360 J
715 3297 762 3359 liu
770 3295 846 3382 xpi,
861 3296 918 3380 qui
932 3304 981 3361 est
995 3297 1141 3361 omnium
1153 3298 1174 3361 J
1175 3296 1258 3361 udex
1271 3297 1389 3381 justus,

286 3407 325 3462 ut
339 3397 401 3463 uec
414 3397 496 3462 mihi
506 3399 568 3464 uic
579 3399 674 3463 alicui
689 3419 909 3464 successorum
919 3421 1065 3465 meorum
1079 3419 1204 3484 regum,
1212 3421 1271 3465 seu
1282 3400 1388 3484 cujus-

286 3501 366 3566 libet
376 3500 552 3584 dignitatis,
563 3501 683 3586 aliquid
697 3501 847 3566 mandare
858 3503 909 3568 vel
922 3503 1068 3567 minuere
1082 3502 1188 3581 liceat,
1200 3501 1257 3567 sed
1271 3502 1391 3586 absque

288 3605 396 3688 aliqua
409 3605 603 3669 retractione
617 3605 720 3669 inlesa
729 3605 852 3689 jugiter
867 3613 1053 3690 permaneat
1068 3605 1138 3669 sine
1151 3606 1227 3670 fine.
1267 3605 1303 3669 Si
1318 3604 1390 3689 quis

287 3716 397 3772 autem
424 3707 553 3792 propria
585 3707 768 3772 temeritate
799 3707 957 3773 violenter
990 3708 1140 3772 invadere
1171 3708 1389 3792 presumserit,

286 3813 367 3878 sciat
378 3811 413 3877 se
424 3810 644 3896 proculdubio
659 3817 734 3874 ante
749 3809 892 3874 tribuual
903 3811 1041 3877 districti
1054 3813 1075 3874 J
1076 3809 1178 3876 udicis
1192 3810 1390 3875 titubantem

285 3915 597 3998 tremebundumque
611 3913 770 3977 rationem
783 3913 997 3995 redditurum,
1009 3913 1072 3978 nisi
1086 3913 1175 3998 prius
1186 3913 1285 3997 digua
1298 3913 1390 3977 satis-

284 4019 424 4085 factione
438 4017 608 4083 emendare
621 4016 782 4082 maluerit.

331 4124 412 4189 Haec
428 4123 553 4187 utilitas
574 4120 726 4190 silvarum
750 4119 791 4184 sd
814 4120 949 4186 eandem
972 4128 1092 4185 terram
1114 4119 1255 4204 pertinet
1272 4120 1307 4184 in
1321 4114 1390 4184 An·

287 4226 394 4291 drede.

330 4329 517 4393 Billauoran
538 4327 580 4392 be
601 4326 811 4413 Lindbyrsle·
835 4327 840 4414 Ι
903 4325 1391 4412 BillanorabyLyndhyrstand
