3234 5125
304 429 354 484 13ss
577 430 901 486 nlsonnnmnmt's
920 429 1141 488 CHARTERS.

302 599 363 664 lica
386 623 443 664 seu
465 601 500 665 in
518 601 587 686 ripa
610 603 757 667 emtorali
778 603 930 688 quislibet
947 624 1079 666 suorum
1101 601 1300 679 mercaverit,
1313 601 1409 685 juxta

302 704 387 786 quod
414 713 538 768 rectum
554 705 616 785 sit,
641 705 752 771 thelon
779 705 820 770 ad
845 725 978 770 manum
1001 707 1087 789 regis
1108 705 1242 783 subeat,
1270 703 1406 788 quodsi

303 805 391 870 intus
409 807 443 870 in
464 815 555 872 curte
570 809 714 892 predicto
729 809 881 893 quislibet
895 810 1011 872 emerit
1024 809 1075 873 vel
1089 807 1280 886 vendiderit,
1295 807 1407 871 thelon

303 908 447 972 debitum
470 909 509 974 ad
533 933 664 974 manum
687 912 827 994 episcopi
850 933 947 994 supra
975 911 1145 976 memorati
1170 910 1344 994 reddatur,
1374 919 1409 972 et

303 1033 428 1095 semper
454 1013 607 1096 quamdin
636 1013 724 1077 unda
749 1015 831 1078 sacri
860 1013 1063 1098 baptismatis
1091 1013 1202 1098 populi
1225 1012 1406 1095 Anglorum

302 1115 368 1178 sive
396 1117 560 1180 Saxonum
585 1138 641 1202 per
667 1117 764 1182 fidem
787 1117 972 1181 Christiane
1000 1116 1165 1199 religionis
1187 1123 1408 1198 aspergentur,

303 1239 359 1292 seu
375 1218 517 1301 ipsorum
540 1220 743 1284 auctoritatis
757 1220 902 1283 dominio
920 1219 998 1282 urbs
1009 1218 1181 1283 Lundonia
1197 1217 1313 1282 habilis
1328 1216 1407 1281 sub·

298 1321 404 1404 jaceat
422 1320 462 1384 ad
482 1323 765 1406 Uueogernensem
786 1323 951 1388 civitatem
971 1321 1101 1386 subdita
1117 1321 1277 1405 persistat.
1322 1320 1409 1384 Con·

302 1433 460 1488 testamur
482 1434 514 1488 et
536 1426 739 1490 obsecramus
762 1427 860 1489 unius
883 1427 1039 1511 cujusque
1058 1445 1208 1508 personas
1228 1421 1408 1500 hominum,

302 1528 501 1610 presentium
521 1529 586 1592 sive
609 1529 885 1612 subsequentium,
907 1537 946 1593 ut
967 1528 1028 1592 hoc
1047 1536 1197 1591 nostrum
1216 1526 1339 1590 donum
1355 1525 1408 1588 in-

303 1629 457 1693 violatum
478 1639 512 1694 et
530 1632 703 1713 integrum,
726 1632 811 1695 sicut
827 1653 959 1714 presens
980 1630 1097 1714 pagina
1118 1638 1265 1707 testatur,
1279 1649 1406 1712 perma-

203 1736 205 1742 '
303 1741 388 1806 neat.
436 1732 471 1796 si
491 1733 547 1816 qui
567 1755 652 1812 vero,
670 1742 708 1796 ut
726 1755 794 1798 non
811 1742 970 1818 optamus,
986 1733 1171 1817 serpentino
1190 1731 1408 1814 suggestionis

302 1835 478 1904 demonicae
493 1837 599 1900 toxico
614 1837 728 1916 inflati,
744 1837 843 1922 hujus
858 1837 997 1901 tramitis
1007 1827 1128 1900 ‘seriem
1147 1837 1183 1898 in
1200 1835 1308 1918 aliquo
1322 1841 1408 1898 tem-

303 1939 462 2020 ptaverint
479 1938 617 2020 foedare,
634 1940 782 2005 noverint
800 1961 834 2003 se
852 1962 926 2004 cnm
941 1942 1041 2020 Anna
1056 1949 1090 2004 et
1107 1938 1246 2022 Zaphira
1260 1937 1409 2003 herebioa
1442 1946 1450 1958 ⁸

303 2049 431 2104 aeterne
457 2041 671 2105 anathematis
694 2043 844 2108 machera
864 2043 1082 2127 personandos,
1105 2043 1169 2106 nisi
1194 2043 1283 2126 prius
1309 2041 1411 2124 digna

302 2141 520 2208 satisfactione
535 2123 704 2209 ementiare
719 2146 902 2210 maluerint.

347 2246 438 2310 Haec
461 2256 570 2310 autem
592 2258 669 2312 sunt
688 2249 821 2312 nomina
841 2248 969 2313 illorum
992 2249 1048 2333 qni
1070 2248 1146 2313 huic
1167 2255 1287 2312 nostra
1308 2246 1407 2310 ‹lona-

302 2349 384 2413 tioni
399 2357 497 2414 testes
510 2357 544 2414 et
559 2351 795 2415 consentientes
810 2351 952 2431 fuerumt,
968 2360 1001 2415 et
1015 2351 1163 2435 trophico
1178 2357 1288 2414 sancte
1302 2349 1409 2413 crucis

301 2453 417 2518 vexillo
431 2453 631 2532 roborantes,
647 2455 784 2538 propriis
798 2455 948 2518 manibus
962 2455 1232 2539 subscripserunt.

346 2559 386 2641 ›1‹
402 2557 472 2640 Ego
495 2556 630 2636 AEllretl,
655 2578 710 2621 rex
737 2558 920 2641 Anglorum
942 2568 976 2623 et
999 2558 1175 2637 Saxonum,
1197 2557 1281 2622 hanc
1306 2556 1406 2621 dona·

210 2655 214 2662 ’
301 2661 423 2725 tionem
438 2661 641 2739 confirmans,
652 2661 745 2743 signo
760 2662 865 2725 crucis
876 2661 1051 2727 subscribo.
1098 2663 1138 2743 ’l‘
1155 2662 1226 2742 Ego
1238 2659 1406 2737 AEllelred,

301 2764 494 2847 subregulus
513 2774 547 2828 et
571 2765 725 2848 patricius
747 2766 956 2844 Merciorum,
979 2766 1062 2829 hauc
1084 2763 1291 2829 donationem
1313 2764 1408 2846 signo

301 2869 404 2933 crucis
417 2868 600 2950 subscripsi.
649 2870 687 2950 ›1‹
705 2869 775 2951 Ego
786 2868 952 2957 AEpelflsed
967 2870 1126 2933 consensi.
1171 2870 1211 2950 ’l‘
1228 2870 1299 2951 Ego
1308 2867 1406 2932 Uuls-

301 2972 357 3035 red
375 2972 540 3054 episcopus
560 2971 718 3034 consensi.
776 2972 815 3052 ᾖ
831 2972 902 3054 Ego
916 2971 1041 3037 Alhard
1059 2972 1227 3055 episcopus
1246 2970 1405 3035 consensi.

303 3076 429 3157 ›1⁴1⁴lgo
454 3072 624 3138 Uuaerfred
648 3074 814 3157 episcopus
845 3075 1001 3139 consensi.
1085 3078 1124 3156 ›1‹
1142 3076 1213 3157 Ego
1243 3071 1410 3138 Deneuuls

302 3178 467 3261 episcopus
482 3177 638 3241 consensi.
685 3179 724 3257 ›1‹
742 3178 813 3260 Ego
828 3177 977 3261 Uulfsige
993 3178 1159 3261 episcopus
1174 3176 1332 3249 consensi.

320 3526 540 3581 AETllELRED
558 3527 775 3582 ALDORMAN
793 3527 842 3581 OF
859 3527 1011 3583 MEROIA
1029 3530 1111 3583 AND
1128 3528 1393 3584 AETHELFLAED.

607 3630 1103 3688 D000.LXXXV1.-Dcco.xclx.

347 3785 386 3863 ›1‹
404 3782 499 3845 Daem
523 3780 721 3864 aelmihtigan
743 3779 834 3845 Gode
920 3782 1023 3862 ›1⁴To
1053 3781 1213 3867 slmighty
1244 3778 1319 3845 God
1349 3781 1407 3844 the

302 3889 383 3968 paerc
413 3885 515 3947 soban
540 3888 674 3947 annesae
703 3902 721 3965 ]
754 3885 835 3967 pare
875 3889 948 3947 true
986 3884 1091 3969 Unity
1129 3884 1192 3947 and
1230 3884 1286 3947 thc
1329 3882 1407 3969 holy

300 3989 419 4072 halgan
449 3989 621 4071 prynnesse
650 4007 693 4049 on
724 3985 832 4049 heofo·
875 3986 1002 4070 Trinity
1026 3986 1061 4049 in
1084 3986 1216 4064 heaven,
1240 3986 1280 4050 be
1302 3985 1408 4069 praise

300 4114 379 4159 num
397 4090 444 4155 sie
464 4088 513 4154 lof
524 4108 543 4170 J
565 4088 723 4167 wuldor]
744 4087 835 4150 daeda
875 4088 938 4152 and
960 4089 1061 4171 glory,
1081 4088 1146 4151 aud
1165 4087 1407 4173 thanksgiving,

301 4192 468 4281 poncungl
486 4192 573 4257 ealra
584 4197 673 4280 ‘paera
691 4190 774 4273 goda
796 4194 834 4277 be
875 4192 925 4255 for
939 4192 982 4254 all
998 4192 1053 4255 the
1066 4191 1151 4274 good
1166 4191 1272 4255 which
1289 4191 1331 4255 he
1348 4191 1409 4255 has

300 4300 341 4371 be
361 4320 400 4361 ns
417 4295 556 4380 forgilen
577 4293 687 4357 halah·
706 4293 755 4356 for
770 4298 833 4381 pass
854 4363 857 4380 Ι
875 4294 970 4377 given
990 4316 1048 4371 us3
1072 4294 1124 4357 lor
1143 4294 1249 4358 whose
1268 4293 1351 4372 love,
1372 4294 1407 4357 in

459 4429 468 4459 ¹
486 4425 608 4496 Perhaps
620 4427 712 4479 meant
724 4422 765 4477 lor
777 4420 960 4477 strauslation
971 4422 1003 4476 ol
1008 4422 1158 4491 praticmm
1170 4422 1246 4477 actu.
