3234 5125
297 408 350 461 204
572 406 897 463 MISCELLANEOUS
918 404 1132 461 CHARTERS.

297 578 427 643 witness
442 577 478 643 oi
494 579 550 643 the
565 579 647 662 king
661 579 725 642 and
740 579 783 642 all
797 579 848 642 his
860 578 1002 663 bishops,
1017 579 1094 643 took
1111 579 1167 642 the
1181 577 1325 641 charters
1341 577 1404 641 and

299 681 459 745 delivered
472 682 529 745 the
543 681 635 745 lands
650 691 686 746 to
701 681 942 760 Christchureh,
959 682 1021 745 and
1042 680 1121 745 with
1135 681 1193 745 her
1208 702 1280 745 own
1301 680 1405 744 hands

298 785 362 848 laid
377 785 469 849 them
486 806 529 848 on
543 784 600 847 the
614 784 707 863 altar,
722 784 758 847 in
771 785 938 868 perpetual
959 792 1112 869 property
1128 792 1162 849 to
1180 784 1236 848 the
1255 792 1402 862 convent,

299 888 364 951 and
391 887 442 951 sor
462 887 522 951 her
543 887 642 950 soul’s
661 894 748 964 rest;
771 887 836 950 and
858 887 927 950 said
950 887 1022 951 that
1043 887 1153 952 Christ
1169 886 1308 966 himself,
1324 886 1403 949 with

299 991 342 1053 all
364 990 421 1054 the
444 989 600 1074 heavenly
623 989 739 1073 might,
761 988 867 1054 would
897 1011 989 1055 curse
1014 998 1049 1054 to
1075 992 1214 1075 eternity
1239 989 1308 1052 him
1331 989 1403 1053 who

298 1093 413 1157 should
438 1114 512 1157 ever
536 1099 626 1156 avert
649 1113 687 1155 or
711 1091 884 1155 invalidate
909 1092 974 1156 this
992 1093 1063 1175 gie.
1117 1093 1205 1157 Thus
1226 1112 1315 1156 came
1336 1092 1402 1155 this

297 1202 448 1282 property
463 1203 498 1260 to
514 1196 569 1260 thc
584 1201 722 1260 convent
737 1201 771 1259 at
786 1195 1029 1260 Christrhurch.

732 1394 818 1437 rm
835 1394 968 1439 norma.

342 1505 381 1583 ›1‹
397 1503 496 1565 Anno
520 1499 700 1565 Dominicoe
723 1500 961 1565 Incnrnetionis
986 1521 1167 1566 1100011111.
1221 1501 1292 1582 Ego
1314 1499 1398 1564 Esd-

298 1604 374 1687 gina
387 1604 509 1686 regina,
519 1608 552 1667 et
565 1611 670 1666 mater
683 1601 868 1674 Eadmimdi
883 1611 916 1665 et
931 1602 1070 1667 Eadredi
1085 1624 1208 1685 regum,
1224 1624 1282 1685 pro
1297 1601 1400 1667 salute

300 1706 415 1770 cnimoe
423 1726 514 1783 meae,
524 1703 664 1767 concedo
675 1703 826 1768 acclesiae
836 1704 958 1767 Christi
973 1705 1008 1767 in
1017 1704 1226 1783 Dorobernia,
1236 1704 1401 1768 monachis

298 1807 418 1871 ibidem
443 1806 514 1869 Deo
539 1805 772 1883 servientibus,
785 1806 844 1869 has
867 1814 980 1886 terras,
1005 1794 1209 1891 Meapeham,
1236 1808 1399 1890 Culin'ges,

297 1909 472 1987 Leanham,
489 1908 657 1986 Peocham,
673 1908 841 1991 Femlege,
851 1909 1064 1987 Munecetun,
1080 1910 1268 1987 Ealdintrm,
1283 1909 1401 1973 liberas

298 2011 339 2075 ab
362 2011 450 2074 omni
476 2010 622 2075 1110111111
647 2010 816 2093 gravitate,
831 2011 971 2095 exceptis
996 2010 1110 2090 tribus,
1130 2012 1236 2095 pontis
1259 2018 1293 2073 et
1319 2011 1400 2075 arcis

299 2113 548 2191 constructione,
565 2112 778 2195 expeditione.
817 2112 967 2179 Qualiter
982 2121 1089 2177 autem
1105 2114 1175 2177 istae
1190 2120 1286 2177 terrae
1300 2113 1398 2177 michi

245 2198 251 2213 ’
296 2224 573 2299 11111111110111111
584 2215 724 2298 pretium
736 2214 812 2278 duxi
823 2215 974 2279 intimare
983 2216 1146 2281 omnibus:
1164 2216 1285 2280 scilicet
1294 2216 1400 2279 Odoni

298 2318 546 2383 archisacerdoti
560 2318 727 2400 tociusque
736 2317 916 2383 Britannias
932 2318 1072 2403 primati,
1083 2326 1116 2382 et
1130 2317 1259 2382 familia
1268 2318 1399 2397 Christi,

297 2421 331 2484 id
345 2429 405 2499 est,
421 2421 586 2485 monachis
601 2421 635 2484 in
650 2419 853 2485 Dombemia
875 2421 1014 2486 civitate.
1061 2421 1208 2503 Contigit
1230 2420 1400 2503 aliqnando

279 2530 422 2607 'patrem
443 2544 551 2589 meum
568 2523 746 2607 Sigelmnm
763 2523 881 2588 habere
900 2524 1123 2588 necessitatem
1143 2544 1217 2588 xxx.
1233 2522 1398 2601 librarum,

234 2658 237 2664 ·
298 2648 377 2709 quas
396 2648 415 2689 a
435 2625 574 2709 quodam
595 2626 739 2710 principe
758 2625 1399 2711 101111111011111111011111111,111110

296 2729 480 2794 vadimonio
502 2728 606 2792 eidem
628 2727 717 2791 dedit
736 2735 857 2791 terram
872 2749 942 2810 quae
961 2729 1148 2793 nominatur
1162 2729 1327 2812 Culinges,
1343 2730 1398 2813 qui

296 2834 402 2896 tenuit
425 2854 497 2896 eam
520 2837 642 2914 septem
666 2830 769 2894 annis.
817 2830 962 2913 Septimo
990 2831 1099 2914 itaque
1128 2852 1213 2894 1110
1238 2831 1399 2914 expeditio

225 3014 229 3021 .
296 2935 532 3020 praeparabatur
539 2953 596 3018 per
606 2953 735 2996 omnem
745 2931 906 3009 Cantiam,
918 2953 992 2996 cum
1004 2955 1068 3016 qna
1080 2932 1259 3015 Sigelmum
1273 2941 1398 3016 patrem

295 3039 344 3101 ire
369 3035 522 3118 oportuit.
567 3034 651 3097 Cum
671 3054 746 3097 vero
764 3053 798 3096 se
820 3041 957 3116 pararet,
978 3043 1135 3098 venerunt
1157 3035 1206 3098 illi
1230 3036 1265 3098 in
1290 3043 1398 3099 mente

297 3159 369 3202 m.
384 3137 474 3200 libne
496 3157 574 3218 quas
588 3134 694 3198 *Godae
715 3133 861 3214 debebat,
878 3157 957 3219 (1111
972 3137 1082 3200 statim
1105 3137 1135 3201 11
1155 3137 1289 3202 reddere
1310 3137 1396 3203 fecit.

296 3243 341 3304 Et
365 3239 440 3322 quin
462 3258 523 3301 nec
546 3237 649 3299 filium
673 3257 732 3300 nec
752 3236 852 3300 filiam
875 3237 939 3302 nisi
963 3260 1014 3304 me
1035 3239 1161 3318 habuit,
1176 3239 1327 3304 heredem
1345 3262 1398 3304 me

296 3342 373 3407 fecit
385 3340 472 3403 illius
487 3347 582 3402 terrae
596 3345 629 3401 et
644 3339 790 3402 omnium
804 3345 962 3404 terrarum
978 3363 1119 3420 suarum,
1135 3348 1168 3406 et
1182 3342 1281 3406 libros
1299 3343 1407 3430 michi¹

296 3444 396 3510 dedit.
439 3443 537 3506 Forte
559 3449 638 3504 tunc
656 3441 763 3504 evenit
784 3451 909 3525 patrem
931 3465 1041 3507 meum
1062 3445 1098 3507 in
1117 3443 1202 3508 bello
1225 3445 1395 3510 cecidisse:

235 3541 239 3548 “
296 3553 465 3630 postquam
483 3551 592 3607 autem
610 3542 698 3607 idern
714 3544 808 3607 Goda
831 3544 952 3609 audivit
967 3545 1154 3611 delimatam
1168 3547 1204 3610 in
1218 3547 1302 3613 bello
1318 3570 1396 3626 esse,

242 3669 247 3676 ’
296 3649 425 3740 negavit
439 3647 502 3710 sibi
516 3644 651 3728 triginta
664 3645 761 3710 libras
774 3648 954 3729 persolutas
975 3647 1084 3728 fuisse,
1100 3659 1284 3733 terramque
1299 3673 1396 3734 quam

212 3801 229 3813 ,
297 3773 354 3835 pro
368 3748 551 3815 vadimonio
565 3771 585 3811 a
598 3756 688 3831 patre
699 3769 772 3812 meo
787 3750 910 3832 accepit
919 3751 1060 3815 detinuit
1073 3752 1140 3816 fere
1154 3775 1210 3837 per
1219 3775 1273 3818 ses
1283 3775 1393 3818 11101.

221 3838 227 3846 ’
297 3857 395 3945 Sento
416 3873 492 3917 vero
514 3873 600 3915 anno
623 3851 753 3935 quidam
776 3853 975 3935 propinquus
996 3875 1087 3918 meus
1111 3856 1242 3920 nomine
1260 3857 1396 3942 Byrsige

295 3958 422 4042 Dyring
445 3954 530 4038 cepit
553 3954 712 4017 instanter
735 3960 845 4036 aperte
868 3956 1022 4037 conqueri
1051 3957 1136 4040 apud
1164 3959 1337 4041 optimates
1363 3968 1396 4023 et

212 4111 223 4116 ,
261 4101 265 4104 -
293 4061 452 4144 principes
480 4065 513 4122 et
542 4057 702 4140 sapientes
726 4057 819 4138 regni
848 4057 888 4120 de
916 4059 1035 4142 injuria
1063 4061 1252 4146 propinquae
1281 4085 1347 4126 suae
1377 4085 1396 4126 1

214 4215 219 4228 .
294 4163 429 4228 Godone
454 4160 550 4224 facta.
596 4160 779 4242 optimates
802 4169 911 4224 autem
935 4171 968 4226 et
991 4165 1149 4247 sapientes
1179 4186 1237 4248 pro
1263 4167 1396 4249 justicia

294 4269 497 4342 invenerunt,
513 4271 546 4326 et
560 4264 650 4346 justo
665 4261 789 4345 judicio
807 4263 1026 4344 decreverimt,
1041 4266 1127 4350 quod
1147 4289 1216 4352 ego,
1232 4291 1304 4351 quae
1331 4269 1397 4333 filia

294 4378 326 4433 et
340 4370 431 4433 heres
447 4367 515 4449 ejus
531 4388 613 4443 sum,
629 4374 753 4449 patrem
777 4387 884 4430 meum
913 4389 1049 4452 purgare
1071 4369 1230 4449 deberem,
1248 4371 1396 4437 videlicet
