3234 5125
478 418 801 478 mscELLANnnus
822 422 1037 481 OHARTERS.
1278 427 1313 481 23

201 588 443 672 praedecessoris
466 593 532 657 mei
551 593 743 659 Aeaelbuldi
768 596 863 679 regis.
909 598 1039 681 Siquis
1059 606 1169 664 autem
1187 618 1311 664 succes·

200 711 310 757 sorum
325 714 470 759 meorum
484 716 598 780 regum
614 706 670 762 aut
684 698 878 782 principum,
894 700 946 763 vel
957 700 1212 765 thelonariorum
1227 701 1311 764 hanc

200 794 408 861 donationem
428 805 572 862 nostram
592 799 768 884 infringere
782 802 833 865 vel
848 802 993 869 minuere
1015 804 1162 883 volucrit,
1178 804 1259 869 sciat
1276 825 1311 867 se

201 907 384 982 separatum
403 922 423 965 a
440 902 688 986 congregatione
713 902 859 967 omnium
883 911 1069 970 sanctorum
1087 906 1123 969 in
1140 906 1309 971 tremendo

200 1000 253 1066 dic
263 1001 389 1086 judicii,
404 1003 469 1067 nisi
483 1005 572 1088 prius
587 1004 684 1089 digne
698 1005 926 1071 emendaverit.

246 1106 285 1187 ›1‹
301 1105 372 1189 Ego
387 1106 563 1170 Bcrhtuulf
572 1128 628 1171 rex
640 1108 743 1173 Meri.
833 1110 872 1191 ›1‹
888 1111 959 1194 Ego
970 1110 1112 1175 Tatnotb
1128 1111 1206 1195 apii.

247 1208 548 1291 ›1⁴EgoCeolnotb
565 1210 726 1293 ardepisi.
831 1212 871 1293 ᾧ
888 1213 960 1295 Ego
977 1212 1153 1277 Hunbcrbt
1167 1214 1242 1277 dux.

247 1311 287 1392 ›1‹
302 1312 374 1393 Ego
390 1311 525 1397 Secryu
541 1312 661 1395 regina.
832 1314 872 1395 ›1‹
888 1316 961 1398 Ego
974 1314 1086 1379 Mucel
1101 1314 1176 1381 dux.

247 1413 286 1494 ›1‹
302 1414 373 1497 Ego
388 1412 523 1479 Ceolred
537 1414 615 1498 epid.
832 1417 872 1498 »Β
888 1418 960 1501 ugo
976 1419 1129 1491 Huustan
1143 1418 1218 1483 dux.

246 1850 497 1915 AROHBISHOP
517 1860 758 1916 NOTHHELM1.
795 1859 1265 1918 cccxxxvi-Duorum.

249 2006 584 2087 ›1⁴Gnoa10s1ss1nus
603 2008 893 2073 Merccnsiumrcx
908 2008 1089 2087 AEtbelrcd,
1099 2030 1173 2073 cum
1188 2007 1307 2073 comite

201 2129 273 2187 suo,
285 2110 457 2193 subregulo
474 2110 686 2174 Huicciorum
702 2110 839 2188 Osbero,
850 2117 983 2193 rogatus
998 2111 1039 2175 ab
1054 2132 1103 2190 co,
1118 2118 1237 2175 terram
1253 2132 1307 2175 xx.

203 2219 401 2277 cassatorum
417 2214 511 2297 juxta
527 2212 673 2291 fluvium,
690 2212 743 2277 cui
758 2211 949 2277 vccabulum
970 2220 1019 2277 est
1036 2213 1168 2293 iillath,
1184 2212 1309 2279 duabus

202 2314 511 2393 sanctimonialibus,
530 2316 674 2379 Dunnan
696 2314 845 2379 videlicet
865 2322 898 2379 et
920 2316 989 2399 ejus
1011 2316 1085 2380 filiae
1107 2316 1253 2400 Bucgan,
1268 2317 1310 2380 ad

203 2417 454 2481 construendum
477 2418 513 2481 in
533 2440 571 2481 ca
591 2417 833 2497 monasterium,
855 2418 962 2501 injus
982 2417 1231 2483 ecclesiasticum
1250 2418 1310 2482 sub

131 2581 133 2584 .
203 2519 306 2584 libera
334 2525 503 2604 potestate,
529 2542 588 2605 pro
616 2520 710 2584 venia
733 2519 913 2585 facinorum
939 2542 1081 2601 suorum,
1105 2520 1309 2601 condonavit,

203 2624 403 2708 proprieque
435 2645 551 2688 manus
585 2622 819 2706 subscriptione
843 2623 926 2688 hanc
960 2644 1071 2687 eorum
1103 2624 1309 2688 donationem
1414 2623 1419 2634 '

205 2727 352 2790 firmavit.
398 2725 537 2790 Praeiata
559 2733 669 2790 autem
698 2726 762 2789 Dei
787 2725 909 2789 famula
931 2726 1062 2804 Dunne,
1085 2733 1307 2791 constructum

203 2830 239 2892 in
262 2828 414 2912 praedicto
441 2829 543 2912 agello
565 2828 807 2906 monasterium,
832 2848 906 2891 cum
929 2827 1015 2910 agris
1037 2828 1104 2890 suis
1126 2847 1252 2892 necnon
1274 2836 1308 2892 at

204 2933 361 2996 cartulam
381 2931 603 3016 descriptionis
621 2931 700 3014 agri,
721 2930 774 2994 cui
792 2939 872 2994 tunc
889 2930 958 2994 sola
974 2930 1044 3014 ipsa
1061 2937 1206 3013 praeerat,
1222 2929 1308 3009 filiae,

204 3035 359 3098 nimirum
374 3034 448 3099 filiae
463 3057 543 3114 suaa,
562 3035 597 3097 iu
617 3033 859 3118 possessionem,
876 3033 918 3097 ad
937 3033 1117 3097 Dominum
1132 3033 1311 3117 migratura

204 3139 322 3220 largita
335 3145 394 3202 est.
441 3137 504 3201 Sed
525 3137 601 3221 quia
622 3137 690 3200 haec
709 3137 744 3200 in
767 3137 900 3220 parvula
921 3136 1025 3200 adhuc
1046 3143 1142 3200 aetate
1163 3143 1232 3201 erat
1253 3158 1310 3220 po-

205 3241 277 3318 sita,
294 3240 450 3304 cartallum
476 3240 650 3322 conscripti
672 3239 752 3324 agri,
773 3261 900 3304 necnon
917 3247 950 3303 et
972 3261 1102 3304 omnem
1120 3241 1308 3305 monasterii

205 3343 474 3427 procurationem,
494 3342 598 3426 quoad
617 3363 719 3425 usque
741 3342 798 3405 illa
819 3341 859 3406 ad
879 3343 1089 3406 maturiorem
1114 3343 1310 3426 pervenisset

207 3454 346 3524 aetatcm,
367 3445 465 3510 matri
488 3446 574 3509 illius
592 3447 743 3509 maritate
761 3444 1011 3509 conservandam
1028 3445 1180 3529 injunxit.
1226 3445 1309 3511 Quae

206 3569 281 3612 cum
306 3548 464 3612 cartulam
487 3547 578 3611 reddi
607 3547 814 3632 poposcisset,
837 3547 894 3611 illa
915 3546 1048 3611 reddere
1072 3547 1196 3627 nolens,
1218 3548 1310 3612 furtu

203 3652 288 3716 hanc
318 3651 477 3715 sublatam
505 3649 681 3734 respondit.
728 3651 802 3716 Quo
832 3650 963 3712 tandem
993 3650 1083 3713 omni
1111 3651 1242 3734 negotio
1266 3651 1307 3715 ad

203 3762 348 3818 muctam
363 3753 568 3817 sacerdotalis
583 3753 711 3818 concilii
729 3752 890 3836 synodum
905 3752 1038 3835 perlato,
1055 3752 1197 3816 decrevit
1212 3775 1308 3818 omne

206 3855 385 3934 venerabile
400 3855 581 3936 concilium,
594 3878 668 3920 cum
680 3855 938 3919 reverentissimo
950 3854 1188 3939 archiepiscopo
1202 3855 1310 3920 Noth-

204 3961 300 4038 elmo,
326 3959 410 4023 banc
439 3959 595 4023 cartulam
622 3958 815 4035 donationis,
842 3956 892 4021 vel
914 3977 1027 4040 regum
1048 3957 1099 4021 vel
1120 3957 1311 4040 supradictae

205 4064 269 4128 Dei
296 4061 426 4125 famulae
462 4063 615 4141 Dunnan,
646 4060 908 4125 manifestissime
937 4059 1085 4137 describi,
1115 4058 1309 4143 praefatoque

205 4165 374 4230 abbatissae
390 4164 570 4228 Hrotuuan'
589 4164 690 4243 reddi,
714 4165 848 4248 ejusque
867 4163 1100 4246 possessionem
1122 4163 1310 4226 monasterii

206 4268 424 4333 firmissimam
449 4289 517 4332 csse
527 4295 537 4345 ;
565 4268 718 4331 damnato
748 4267 904 4329 nimirum
934 4287 972 4330 eo
1002 4273 1098 4348 atque
1123 4265 1309 4331 anatbcma·

637 4414 644 4442 ¹
664 4410 702 4462 Of
712 4409 888 4478 Canterbury.
