3234 5125
478 448 800 507 msommnnnous
817 451 1030 508 OHARTERS.
1259 456 1312 509 255

204 620 313 685 nullus
332 642 488 704 umquam
505 642 630 705 regum,
646 617 699 685 vel
716 621 948 705 episcoporum,
964 644 1022 685 seu
1039 622 1224 707 principum.
1239 644 1313 706 pro·

204 732 390 788 curatorum
413 722 480 787 sive
508 730 704 803 exactomm,
730 723 771 788 ab
799 724 865 787 illis
893 732 1023 808 pastum
1051 746 1112 789 nec
1141 746 1238 809 opera
1263 726 1313 789 vel

203 827 327 891 tributa
341 826 468 910 exigat3
491 826 549 890 sed
572 827 684 891 omnia
704 827 770 890 sint
784 825 887 891 libera
901 826 1034 892 omnino
1056 835 1089 891 et
1111 828 1221 912 quieta
1234 850 1312 913 que-

205 945 331 1010 cunque
345 927 492 1011 superius
507 935 740 1011 praenotantur.
779 929 932 993 Preterea
946 950 984 993 ex
995 930 1145 993 conardtu
1160 936 1192 993 et
1204 930 1314 994 admo-

205 1032 330 1095 nitione
359 1030 594 1095 venerabilium
618 1031 796 1096 amicomm
825 1053 984 1111 meorum,
1015 1034 1181 1097 Dunstani
1211 1035 1313 1099 Doro·
1415 1093 1423 1109 ,

205 1133 373 1198 bernensis
396 1141 429 1198 et
452 1133 592 1199 Oswaldi
614 1133 825 1199 Eboracensis
851 1133 1172 1219 archiepiscoporum,
1188 1136 1315 1201 decreta

206 1238 300 1301 utilia
323 1237 433 1315 statui,
452 1242 490 1299 ut
512 1236 697 1320 quicunque
722 1236 901 1320 majestatis
923 1237 1010 1320 regie
1031 1258 1116 1317 reus,
1132 1239 1183 1303 vel
1206 1240 1312 1323 cujus-

205 1341 287 1405 libet
307 1340 439 1404 alterius
460 1338 591 1417 offense,
607 1339 650 1403 ad
670 1339 778 1403 locum
799 1339 892 1403 illum
915 1340 1107 1423 confugerit,
1124 1342 1194 1425 ejus
1213 1343 1259 1407 rei
1279 1350 1313 1407 et

207 1444 424 1507 membrorum
439 1464 476 1507 ac
487 1442 553 1505 vite
566 1441 796 1525 impunitatem
811 1449 1043 1525 consequatur;
1067 1464 1255 1528 semperque
1270 1446 1313 1509 sit

206 1546 365 1610 habitatio
389 1544 632 1622 monachorum,
651 1565 688 1608 ac
712 1544 889 1607 secundum
913 1544 999 1609 beati
1021 1547 1190 1611 Benedicti
1212 1548 1311 1613 tradi-

207 1649 340 1727 tionem,
352 1656 425 1732 post
434 1648 562 1712 obitum
576 1646 702 1711 abbatis
716 1668 755 1711 ex
769 1647 880 1711 eadem
896 1651 1145 1733 congregatione
1160 1651 1241 1714 alter
1255 1654 1311 1735 qui

207 1752 324 1836 dignus
349 1752 392 1815 sit
415 1751 572 1834 eligatur;
597 1750 725 1813 aliunde
742 1771 817 1814 vero
838 1750 947 1814 nullus
971 1748 1017 1815 ibi
1039 1754 1233 1836 preficiatur,
1249 1756 1312 1820 nisi

207 1856 327 1933 nullus,
343 1854 428 1937 quod
453 1854 547 1931 absit,
563 1854 609 1917 ibi
631 1852 802 1937 contigerit
825 1853 881 1938 qui
904 1852 1023 1937 dignus
1047 1856 1105 1919 tali
1130 1856 1235 1921 officio
1258 1859 1310 1937 sit,

207 1958 345 2022 inveniri
353 1984 363 2037 3
387 1956 473 2040 quod
487 1957 516 2020 si
529 1956 712 2039 contigerit,
727 1962 921 2040 potestatem
942 1956 1083 2022 habeant
1098 1957 1139 2023 de
1156 1960 1218 2024 alio
1232 1969 1311 2025 noto

207 2058 402 2125 monasterio
417 2059 565 2124 abbatem
585 2058 735 2142 eligendi,
751 2058 843 2142 cujus
859 2058 926 2123 vita
940 2059 1097 2143 sapientia
1111 2069 1144 2124 et
1158 2062 1311 2146 religione

208 2164 379 2241 clarescat3
403 2162 558 2227 laicorum
572 2169 681 2226 autem
696 2169 753 2225 aut
767 2162 956 2227 clericorum
970 2184 1066 2227 nemo
1081 2164 1143 2229 loci
1157 2165 1243 2230 illius
1254 2166 1310 2231 do-

208 2266 346 2330 minium
359 2286 513 2350 neumare
525 2272 700 2350 presumat.
744 2266 966 2330 Possessiones
981 2287 1056 2330 vero
1072 2288 1134 2350 que
1148 2267 1224 2334 ibia
1238 2270 1309 2354 qui·
1366 2252 1369 2259 ¹

208 2371 396 2454 buscunque
409 2368 527 2435 donate
541 2376 628 2448 sunt,
643 2390 710 2433 non
728 2368 837 2449 abbas,
852 2391 920 2434 non
938 2369 1001 2433 alia
1018 2371 1161 2454 quelibet
1175 2394 1311 2457 persona

208 2473 372 2537 licentiam
397 2472 514 2537 habeat
537 2471 694 2537 vendendi
720 2472 880 2536 extraneis
903 2473 954 2537 vel
979 2472 1087 2554 dandi,
1112 2474 1168 2539 sed
1196 2498 1310 2562 regum

210 2577 388 2640 munimine
404 2576 495 2640 locus
513 2575 569 2640 ille
590 2597 715 2659 semper
729 2583 874 2654 tueatirr,
885 2576 1017 2660 ipseque
1033 2576 1130 2641 abbas
1149 2579 1219 2662 regi
1239 2582 1310 2645 Deo

209 2679 269 2744 soli
291 2677 432 2743 serviens
455 2677 615 2762 spirituali
628 2685 662 2741 et
676 2677 843 2761 temporali
865 2677 1072 2742 commissum
1094 2679 1156 2743 sibi
1178 2702 1309 2764 gregem

210 2791 303 2866 pastu
318 2781 488 2865 diligenter
501 2781 607 2846 foveat
615 2809 625 2860 3
643 2781 801 2864 liceatque
815 2779 877 2865 ipsi
892 2781 1131 2864 congregationi
1146 2784 1232 2867 quod
1248 2784 1310 2848 sibi

210 2906 266 2970 per
279 2893 401 2950 rectam
423 2884 657 2968 delegationem
679 2884 831 2949 collatum
854 2891 902 2948 est
916 2893 1072 2968 perpetuo
1091 2886 1261 2969 possidere,
1277 2894 1311 2952 et

210 3010 268 3072 pro
289 3009 343 3052 me
366 2994 400 3051 et
422 3009 481 3072 pro
506 2987 682 3052 stabilitate
704 2986 796 3070 regni
818 2987 883 3050 mei
897 2987 1004 3051 Deum
1025 2987 1149 3071 jugiter
1170 3010 1309 3054 exorare.

211 3094 289 3157 Post
314 3092 411 3177 hujus
439 3092 549 3176 itaque
571 3090 730 3175 privilegii
757 3090 823 3154 mei
852 3090 1067 3170 donationem,
1093 3095 1309 3157 excommuni-

211 3202 370 3260 caverunt·
382 3215 493 3258 omnes
517 3193 666 3279 episcopi,
683 3193 825 3272 abbates,
841 3192 1020 3277 presbiteri,
1037 3195 1092 3278 qui
1115 3195 1149 3258 in
1171 3196 1312 3279 plurima

210 3297 440 3362 numerositate
463 3296 576 3360 eodem
597 3296 650 3360 die
671 3297 843 3375 affuerunt,
860 3317 913 3360 eos
937 3296 993 3379 qui
1015 3296 1075 3361 hoc
1098 3298 1309 3364 constitutum

209 3401 422 3484 infringerent
435 3399 486 3463 vel
498 3399 632 3482 infringi
646 3399 880 3482 permitterent,
890 3407 1048 3482 quantum
1062 3399 1097 3463 in
1113 3401 1189 3484 ipsis
1205 3410 1298 3467 esset.

252 3506 297 3569 Et
319 3511 358 3568 nt
381 3503 441 3566 hec
464 3501 639 3566 auctoritas
666 3502 747 3565 meis
771 3508 803 3565 et
828 3500 1011 3565 filtramrum
1032 3509 1105 3585 post
1123 3525 1176 3566 me
1197 3526 1309 3587 regum

208 3606 416 3691 temporibus,
440 3606 525 3670 circa
552 3606 659 3690 ipsum
683 3612 831 3669 sanctum
857 3605 964 3669 locum
988 3605 1081 3669 firma
1106 3605 1312 3690 perhenniter

208 3716 395 3796 permaneat
416 3715 451 3774 et
476 3709 638 3786 inviolata,
654 3715 687 3771 et
703 3714 742 3771 ut
765 3708 806 3772 ab
828 3707 978 3771 omnibus
1000 3709 1209 3792 optimatibus
1231 3709 1310 3773 meis

208 3822 242 3878 et
259 3813 433 3898 judicibus,
451 3811 583 3896 privatis
604 3819 638 3875 et
659 3811 804 3895 puplicis,
824 3811 938 3875 melius
960 3817 993 3875 et
1014 3811 1132 3876 certius
1154 3811 1311 3890 crudatrrr,

208 3939 324 3981 manus
349 3937 421 3981 mee
449 3914 681 3999 subscriptione
709 3915 793 3977 hanc
819 3914 987 3992 cartulam,
1012 3913 1125 3996 quinto
1148 3913 1311 3978 Kalendas

209 4019 366 4099 Januarii,
390 4017 515 4083 decrevi
539 4018 699 4095 roborare,
719 4026 753 4081 et
776 4015 874 4100 sigilli
900 4015 963 4080 mci
989 4015 1199 4100 impressione
1223 4035 1309 4080 com-

208 4144 345 4187 munire.

263 4225 399 4307 Signum
432 4221 554 4307 Edgari
587 4230 621 4286 et
658 4221 853 4287 serenissimi
885 4221 1065 4305 Anglorum
1098 4220 1309 4305 imperatoria.

210 4329 348 4412 Signum
356 4326 507 4392 Edwardi
518 4323 661 4410 ejusdem
672 4325 757 4408 regis
773 4325 841 4389 filii.
880 4325 1017 4408 Signum
1027 4323 1195 4388 Athelredi
1204 4323 1311 4388 fratris

209 4432 289 4516 ejus.
332 4430 405 4512 Ego
426 4430 617 4493 Dunstanus
635 4427 890 4493 Dorobernensis
916 4427 1170 4512 archiepiscopus
1195 4427 1313 4490 confir·
