3234 5125
284 453 320 506 62
561 453 881 509 MlSCELLANEOUS
900 453 1111 510 CHARTERS.

490 651 737 708 ARCHBISHOP
756 651 958 708 WULFRED.
995 653 1183 710 DCCCXIII.

329 802 369 881 *1⁴
385 799 427 864 In
441 799 573 863 nomine
587 798 689 863 sancti
706 797 881 864 Salvatoris
895 798 958 863 Dei
973 808 1006 862 et
1021 799 1154 864 Domini
1168 799 1272 863 nostri
1283 799 1386 864 Jhesu

286 901 417 968 Christi.
462 901 560 966 Anno
575 901 615 965 ab
630 901 851 966 incarnatione
870 901 1013 985 ejusdem
1028 901 1090 965 Dei
1108 909 1141 966 et
1156 901 1386 986 redemptionis

282 1004 396 1069 mundi
415 1023 584 1068 nocemur.
604 1003 723 1069 Indict.
742 1023 787 1067 vr.
808 1003 990 1087 presidente
1009 1003 1132 1068 Christi
1153 1004 1259 1088 grstia
1281 1005 1385 1068 archi-

285 1107 436 1190 pontifice
451 1105 609 1171 Uulsrodo
627 1105 875 1188 metropolitano
898 1105 1006 1170 sedem
1025 1105 1157 1171 ecclesie
1174 1106 1306 1187 Christi,
1322 1128 1384 1190 que

284 1209 346 1273 sita
360 1218 409 1274 est
423 1209 458 1272 in
473 1207 672 1273 Dorovernia
686 1208 826 1286 civitate,
838 1228 923 1272 anno
933 1207 1005 1272 ιιι.Ι
1024 1207 1225 1292 episcopatus
1240 1209 1384 1293 ejusdem

212 1351 217 1361 ·
284 1311 521 1395 archiepiscopi,
546 1310 654 1376 divina
679 1331 716 1374 ac
739 1309 881 1374 fraterna
902 1310 1022 1394 pietate
1044 1310 1160 1376 ductrrs
1184 1333 1292 1376 amore
1312 1314 1384 1376 Deo

285 1414 459 1478 auxiliante
484 1411 668 1478 renovando
696 1419 730 1476 ot
754 1411 963 1477 restaurando
989 1435 1048 1496 pro
1076 1412 1197 1480 honore
1218 1422 1251 1478 et
1276 1435 1385 1479 amora

280 1516 343 1583 Dei
358 1523 506 1581 sanctum
520 1515 750 1580 monasterium
765 1515 1018 1579 Dorovamensis
1030 1515 1162 1582 ecclesie
1172 1515 1385 1582 reedificando

281 1619 368 1686 refici
391 1617 619 1683 auxiliantibus
642 1616 784 1701 ejusdem
805 1617 936 1682 ecclesie
950 1617 1134 1700 presbiteris
1148 1627 1182 1683 et
1196 1619 1384 1684 diaconibus

282 1731 461 1805 cunctoque
480 1721 565 1786 clero
587 1720 729 1784 Domino
746 1719 817 1784 Deo
834 1719 1041 1783 servientium
1063 1720 1169 1786 simul.
1213 1721 1285 1804 Ego
1299 1722 1384 1786 Uul·

280 1824 399 1903 fredus,
429 1821 646 1886 misericordia
673 1821 736 1887 Dei
767 1820 1012 1900 archisacerdos,
1042 1843 1101 1906 pro
1129 1823 1245 1888 intimo
1278 1824 1384 1888 oordis

281 1926 408 2006 affectu,
427 1925 511 1990 dabo
531 1932 565 1989 et
585 1923 724 1988 concedo
743 1923 867 1988 familia
886 1924 1009 1988 Christi
1030 1925 1147 1990 habere
1168 1935 1203 1990 et
1221 1927 1383 2011 perfruere

280 2027 392 2094 domos
417 2049 496 2111 quas
524 2026 584 2092 sivi
618 2047 676 2110 pro
704 2026 814 2091 labore
842 2034 1100 2107 construxenmt,
1127 2029 1201 2112 jure
1228 2037 1383 2114 perpetuo

279 2129 479 2209 hereditatis,
508 2129 731 2194 munificentia
763 2129 828 2192 illis
860 2129 1040 2193 viventibus
1068 2151 1125 2195 seu
1155 2131 1383 2198 decedentibus

279 2234 469 2316 cuicumque
487 2232 667 2315 relinquere
681 2230 731 2295 vel
750 2230 871 2295 donare
886 2231 1045 2296 voluerint
1065 2234 1285 2318 unusquisque
1301 2234 1381 2299 libe·

279 2357 349 2398 ram
373 2335 514 2400 habeant
535 2333 721 2398 hcmtatem
744 2333 779 2396 in
801 2333 913 2398 eodem
935 2335 1132 2400 monasterio
1149 2336 1300 2415 donandi,
1324 2338 1382 2402 sod

279 2459 340 2502 nec
366 2437 462 2502 alicui
485 2436 570 2502 foras
595 2443 687 2500 extra
709 2435 960 2519 congregationi.
1006 2437 1061 2501 Ita
1083 2439 1181 2503 etiam
1205 2438 1239 2501 in
1258 2439 1381 2503 Christi

279 2539 412 2606 caritate
429 2539 600 2605 obsecrans
617 2537 757 2623 precipio
775 2537 926 2603 omnibus
943 2539 1179 2605 successoribus
1197 2541 1279 2606 meis
1297 2541 1381 2607 hanc

194 2635 197 2642 ’
279 2643 456 2726 predictam
471 2641 677 2707 donationem
697 2640 887 2707 inconcussa
903 2651 937 2707 et
953 2643 1139 2707 inviolatam
1155 2644 1243 2709 salva
1255 2646 1381 2711 ratione

278 2744 476 2823 servandam,
493 2744 550 2809 sed
567 2745 637 2809 sine
657 2765 782 2828 semper
795 2744 829 2807 in
846 2766 941 2808 evum
949 2771 959 2822 ;
983 2744 1044 2811 hac
1060 2754 1170 2811 tamen
1187 2748 1381 2827 conditione,

278 2856 316 2912 ut
340 2848 411 2911 Deo
433 2847 621 2912 humiliores
647 2853 680 2911 et
705 2848 862 2930 gratiores
885 2847 1032 2911 omnium
1064 2848 1294 2914 beneficiorum
1317 2852 1380 2915 Dei

278 2970 404 3033 semper
432 2951 582 3027 existant,
613 2948 786 3033 seduloque
816 2949 1074 3032 frequentatione
1102 2951 1264 3015 canonicis
1294 2951 1381 3015 horis

277 3051 444 3116 ecclesiam
459 3051 582 3116 Christi
600 3051 740 3129 visitent,
756 3060 886 3115 orantes
906 3072 944 3117 ac
961 3051 1167 3135 deprecantes
1187 3076 1245 3137 pro
1268 3055 1380 3137 seipsis

278 3153 415 3238 propriis
430 3152 575 3236 piaculis,
593 3161 626 3215 ct
645 3173 704 3236 pro
724 3152 861 3217 aliorum
880 3154 1069 3221 remissione
1088 3164 1304 3238 pcccatonrm,
1319 3157 1380 3219 mi-

195 3324 198 3329 ,
280 3255 488 3321 sericordiam
513 3254 646 3319 Domini
668 3254 861 3337 implorent:
892 3276 1019 3319 necnon
1044 3256 1176 3320 domum
1198 3258 1382 3323 refectionis

278 3366 312 3422 et
326 3357 552 3447 dormitorium
574 3356 788 3421 communiter
807 3356 1024 3439 frequentent,
1036 3357 1132 3442 juxta
1147 3358 1292 3442 regulam
1312 3382 1380 3425 mo-

277 3460 458 3525 nasterialis
479 3458 645 3543 discipline
666 3458 730 3521 vito
750 3458 932 3538 observant,
946 3468 985 3523 ut
1006 3460 1042 3523 in
1058 3462 1209 3526 omnibus
1226 3462 1379 3528 honorifi-

278 3570 369 3627 cetur
392 3563 492 3641 Deus,
515 3571 550 3627 et
578 3560 646 3625 vita
668 3569 780 3627 nostra
804 3568 839 3625 et
861 3560 947 3625 bona
970 3564 1169 3629 conversatio
1191 3564 1284 3630 nobis
1305 3588 1379 3632 nos·

277 3665 399 3747 trisque
421 3663 568 3749 proficiat
591 3663 625 3725 in
647 3663 779 3728 bonum.
826 3663 863 3727 si
889 3664 962 3748 quis
982 3664 1113 3731 illorum
1134 3689 1191 3751 per
1213 3669 1380 3735 audaciam

278 3787 335 3830 sue
358 3766 442 3831 male
463 3766 638 3831 voluntatis
660 3766 744 3829 hanc
767 3765 944 3849 predictam
961 3770 1225 3847 constitutionem
1242 3772 1380 3837 'inritam

277 3868 405 3948 habere,
432 3874 465 3932 et
487 3868 523 3930 in
544 3868 737 3932 oblivionem
760 3869 926 3948 deducere,
949 3878 982 3934 et
1005 3893 1198 3957 congregare
1219 3876 1379 3940 oonvivias

278 3960 318 4035 ad
340 3969 534 4035 vescendum
556 3978 589 4033 et
609 3970 796 4049 bibendum,
813 3992 871 4034 seu
890 3972 988 4036 etiam
1007 3974 1232 4041 dormiendum
1252 3978 1287 4041 in
1304 4000 1377 4063 pro-

277 4074 355 4159 priis
369 4073 503 4153 cellulis,
519 4072 599 4137 sciat
620 4094 664 4153 se,
680 4074 826 4158 quisquis
840 4074 895 4138 ille
913 4076 966 4154 sit,
978 4086 1104 4157 reatum
1119 4101 1153 4143 se
1167 4101 1236 4144 esse
1251 4081 1378 4165 proprie

277 4175 375 4255 domi,
398 4182 431 4239 et
460 4176 495 4239 in
520 4182 678 4259 potestate
708 4176 938 4262 archiepiscopi
967 4180 1008 4243 ad
1036 4181 1231 4261 habendum,
1255 4190 1289 4247 et
1311 4184 1378 4247 cui-

275 4300 403 4363 cunque
421 4279 451 4343 ei
466 4278 621 4363 placuerit
636 4278 823 4351 donandum
837 4264 861 4344 i
875 4291 1061 4348 manentem
1080 4284 1190 4369 itaque
1208 4287 1292 4351 hano
1310 4308 1377 4351 aar·

275 4382 378 4445 tulam
393 4382 427 4445 in
442 4402 500 4445 sus
514 4380 724 4445 nihilominus
739 4382 902 4447 firmitate.

505 4509 511 4537 ¹
531 4505 656 4559 Wulfrad
668 4508 815 4561 succeedad
827 4514 857 4561 to
869 4508 1037 4581 Canterbury
1048 4510 1076 4564 in
1088 4512 1148 4564 803.
