<?xml version="1.0" encoding="UTF-8"?>
<!DOCTYPE html PUBLIC "-//W3C//DTD XHTML 1.0 Transitional//EN"
    "http://www.w3.org/TR/xhtml1/DTD/xhtml1-transitional.dtd">
<html xmlns="http://www.w3.org/1999/xhtml" xml:lang="en" lang="en">
 <head>
  <title>
</title>
<meta http-equiv="Content-Type" content="text/html;charset=utf-8" />
  <meta name='ocr-system' content='tesseract 3.04.00' />
  <meta name='ocr-capabilities' content='ocr_page ocr_carea ocr_par ocr_line ocrx_word'/>
</head>
<body>
  <div class='ocr_page' id='page_1' title='image "./diplomatariuman02thorgoog_0546.png"; bbox 0 0 3234 5125; ppageno 0'>
   <div class='ocr_carea' id='block_1_1' title="bbox 285 371 905 430">
    <p class='ocr_par' dir='ltr' id='par_1_1' title="bbox 285 371 905 430">
     <span class='ocr_line' id='line_1_1' title="bbox 285 371 905 430; baseline -0.002 0"><span class='ocrx_word' id='word_1_1' title='bbox 285 375 338 430; x_wconf 76' lang='lat'><strong>504</strong></span> <span class='ocrx_word' id='word_1_2' title='bbox 771 371 905 430; x_wconf 85' lang='lat' dir='ltr'><strong>WILLS.</strong></span> 
     </span>
    </p>
   </div>
   <div class='ocr_carea' id='block_1_2' title="bbox 286 541 1390 736">
    <p class='ocr_par' dir='ltr' id='par_1_2' title="bbox 286 541 1390 736">
     <span class='ocr_line' id='line_1_2' title="bbox 286 541 1390 648; baseline -0.006 -38"><span class='ocrx_word' id='word_1_3' title='bbox 286 568 398 610; x_wconf 86' lang='lat' dir='ltr'><strong>ornnes</strong></span> <span class='ocrx_word' id='word_1_4' title='bbox 412 569 507 614; x_wconf 86' lang='lat' dir='ltr'><strong>canes</strong></span> <span class='ocrx_word' id='word_1_5' title='bbox 521 570 597 613; x_wconf 90' lang='lat' dir='ltr'><strong>suos</strong></span> <span class='ocrx_word' id='word_1_6' title='bbox 611 549 784 648; x_wconf 86' lang='lat' dir='ltr'><strong>venaticos.</strong></span> <span class='ocrx_word' id='word_1_7' title='bbox 831 549 876 612; x_wconf 83' lang='lat' dir='ltr'><strong>Et</strong></span> <span class='ocrx_word' id='word_1_8' title='bbox 890 547 1031 613; x_wconf 81' lang='lat' dir='ltr'><strong>dominoe</strong></span> <span class='ocrx_word' id='word_1_9' title='bbox 1052 567 1119 609; x_wconf 84' lang='lat' dir='ltr'><strong>suae</strong></span> <span class='ocrx_word' id='word_1_10' title='bbox 1139 543 1261 628; x_wconf 81' lang='lat' dir='ltr'><strong>reginae</strong></span> <span class='ocrx_word' id='word_1_11' title='bbox 1281 541 1390 604; x_wconf 86' lang='lat' dir='ltr'><strong>armil-</strong></span> 
     </span>
     <span class='ocr_line' id='line_1_3' title="bbox 286 649 1390 736; baseline -0.005 -24"><span class='ocrx_word' id='word_1_12' title='bbox 286 649 350 714; x_wconf 88' lang='lat' dir='ltr'><strong>lam</strong></span> <span class='ocrx_word' id='word_1_13' title='bbox 365 672 464 715; x_wconf 90' lang='lat' dir='ltr'><strong>unam</strong></span> <span class='ocrx_word' id='word_1_14' title='bbox 480 675 551 736; x_wconf 82' lang='lat' dir='ltr'><strong>quae</strong></span> <span class='ocrx_word' id='word_1_15' title='bbox 567 653 706 717; x_wconf 88' lang='lat' dir='ltr'><strong>habebat</strong></span> <span class='ocrx_word' id='word_1_16' title='bbox 720 653 857 736; x_wconf 90' lang='lat' dir='ltr'><strong>triginta</strong></span> <span class='ocrx_word' id='word_1_17' title='bbox 871 673 1002 716; x_wconf 87' lang='lat' dir='ltr'><strong>mancas</strong></span> <span class='ocrx_word' id='word_1_18' title='bbox 1017 650 1098 729; x_wconf 90' lang='lat' dir='ltr'><strong>auri,</strong></span> <span class='ocrx_word' id='word_1_19' title='bbox 1110 657 1143 713; x_wconf 89' lang='lat' dir='ltr'><strong>et</strong></span> <span class='ocrx_word' id='word_1_20' title='bbox 1153 668 1257 711; x_wconf 89' lang='lat' dir='ltr'><strong>unum</strong></span> <span class='ocrx_word' id='word_1_21' title='bbox 1271 666 1390 729; x_wconf 89' lang='lat' dir='ltr'><strong>equum</strong></span> 
     </span>
    </p>
   </div>
   <div class='ocr_carea' id='block_1_3' title="bbox 286 749 1392 1144">
    <p class='ocr_par' dir='ltr' id='par_1_3' title="bbox 286 749 1392 1144">
     <span class='ocr_line' id='line_1_4' title="bbox 288 749 1392 841; baseline -0.005 -25"><span class='ocrx_word' id='word_1_22' title='bbox 288 754 499 834; x_wconf 81' lang='lat' dir='ltr'>emissarium,</span> <span class='ocrx_word' id='word_1_23' title='bbox 513 777 551 820; x_wconf 91' lang='lat' dir='ltr'><strong>eo</strong></span> <span class='ocrx_word' id='word_1_24' title='bbox 565 765 659 840; x_wconf 89' lang='lat' dir='ltr'><strong>pacto</strong></span> <span class='ocrx_word' id='word_1_25' title='bbox 673 764 711 820; x_wconf 93' lang='lat' dir='ltr'><strong>ut</strong></span> <span class='ocrx_word' id='word_1_26' title='bbox 726 757 893 841; x_wconf 87' lang='lat' dir='ltr'><strong>adjuvaret</strong></span> <span class='ocrx_word' id='word_1_27' title='bbox 908 776 984 820; x_wconf 88' lang='lat' dir='ltr'><strong>eum</strong></span> <span class='ocrx_word' id='word_1_28' title='bbox 999 753 1084 837; x_wconf 88' lang='lat' dir='ltr'><strong>apud</strong></span> <span class='ocrx_word' id='word_1_29' title='bbox 1102 773 1224 835; x_wconf 87' lang='lat' dir='ltr'><strong>regern,</strong></span> <span class='ocrx_word' id='word_1_30' title='bbox 1241 749 1392 833; x_wconf 75' lang='lat' dir='ltr'><strong>quatinus</strong></span> 
     </span>
     <span class='ocr_line' id='line_1_5' title="bbox 286 855 1391 923; baseline -0.005 -5"><span class='ocrx_word' id='word_1_31' title='bbox 286 855 350 919; x_wconf 91' lang='lat' dir='ltr'><strong>ista</strong></span> <span class='ocrx_word' id='word_1_32' title='bbox 369 857 603 922; x_wconf 83' lang='lat' dir='ltr'><strong>commendatio</strong></span> <span class='ocrx_word' id='word_1_33' title='bbox 617 859 683 922; x_wconf 87' lang='lat' dir='ltr'><strong>sive</strong></span> <span class='ocrx_word' id='word_1_34' title='bbox 703 859 889 923; x_wconf 82' lang='lat' dir='ltr'><strong>distributio</strong></span> <span class='ocrx_word' id='word_1_35' title='bbox 902 878 1011 921; x_wconf 84' lang='lat' dir='ltr'><strong>rerum</strong></span> <span class='ocrx_word' id='word_1_36' title='bbox 1025 877 1157 920; x_wconf 87' lang='lat' dir='ltr'><strong>suarum</strong></span> <span class='ocrx_word' id='word_1_37' title='bbox 1171 855 1265 916; x_wconf 88' lang='lat' dir='ltr'><strong>firma</strong></span> <span class='ocrx_word' id='word_1_38' title='bbox 1279 859 1311 914; x_wconf 90' lang='lat' dir='ltr'><strong>et</strong></span> <span class='ocrx_word' id='word_1_39' title='bbox 1326 859 1391 914; x_wconf 86' lang='lat' dir='ltr'><strong>ata·</strong></span> 
     </span>
     <span class='ocr_line' id='line_1_6' title="bbox 287 955 1391 1043; baseline -0.005 -21"><span class='ocrx_word' id='word_1_40' title='bbox 287 957 363 1022; x_wconf 92' lang='lat' dir='ltr'><strong>bilis</strong></span> <span class='ocrx_word' id='word_1_41' title='bbox 378 967 461 1022; x_wconf 86' lang='lat' dir='ltr'><strong>esset</strong></span> <span class='ocrx_word' id='word_1_42' title='bbox 475 968 548 1043; x_wconf 89' lang='lat' dir='ltr'><strong>post</strong></span> <span class='ocrx_word' id='word_1_43' title='bbox 562 969 700 1024; x_wconf 88' lang='lat' dir='ltr'><strong>mortem</strong></span> <span class='ocrx_word' id='word_1_44' title='bbox 715 983 817 1025; x_wconf 88' lang='lat' dir='ltr'><strong>suam.</strong></span> <span class='ocrx_word' id='word_1_45' title='bbox 862 961 908 1025; x_wconf 84' lang='lat' dir='ltr'><strong>Et</strong></span> <span class='ocrx_word' id='word_1_46' title='bbox 922 981 982 1043; x_wconf 90' lang='lat' dir='ltr'><strong>pro</strong></span> <span class='ocrx_word' id='word_1_47' title='bbox 997 959 1106 1023; x_wconf 87' lang='lat' dir='ltr'><strong>anima</strong></span> <span class='ocrx_word' id='word_1_48' title='bbox 1125 978 1184 1020; x_wconf 90' lang='lat' dir='ltr'><strong>sua</strong></span> <span class='ocrx_word' id='word_1_49' title='bbox 1198 963 1232 1019; x_wconf 93' lang='lat' dir='ltr'><strong>et</strong></span> <span class='ocrx_word' id='word_1_50' title='bbox 1246 955 1391 1019; x_wconf 89' lang='lat' dir='ltr'><strong>omnium</strong></span> 
     </span>
     <span class='ocr_line' id='line_1_7' title="bbox 288 1056 1390 1144; baseline -0.005 -20"><span class='ocrx_word' id='word_1_51' title='bbox 288 1059 495 1144; x_wconf 88' lang='lat' dir='ltr'><strong>antiquorum</strong></span> <span class='ocrx_word' id='word_1_52' title='bbox 517 1084 657 1141; x_wconf 85' lang='lat' dir='ltr'><strong>suorum,</strong></span> <span class='ocrx_word' id='word_1_53' title='bbox 673 1062 762 1127; x_wconf 90' lang='lat' dir='ltr'><strong>dedit</strong></span> <span class='ocrx_word' id='word_1_54' title='bbox 776 1063 919 1127; x_wconf 73' lang='lat' dir='ltr'><strong>ecclesia</strong></span> <span class='ocrx_word' id='word_1_55' title='bbox 935 1061 1047 1126; x_wconf 78' lang='lat' dir='ltr'><strong>Sancti</strong></span> <span class='ocrx_word' id='word_1_56' title='bbox 1061 1060 1203 1125; x_wconf 67' lang='lat' dir='ltr'><strong>Andreae</strong></span> <span class='ocrx_word' id='word_1_57' title='bbox 1221 1059 1302 1121; x_wconf 90' lang='lat' dir='ltr'><strong>duas</strong></span> <span class='ocrx_word' id='word_1_58' title='bbox 1324 1056 1390 1120; x_wconf 89' lang='lat' dir='ltr'><strong>sul-</strong></span> 
     </span>
    </p>
   </div>
   <div class='ocr_carea' id='block_1_4' title="bbox 178 1158 1393 1248">
    <p class='ocr_par' dir='ltr' id='par_1_4' title="bbox 178 1158 1393 1248">
     <span class='ocr_line' id='line_1_8' title="bbox 178 1158 1393 1248; baseline -0.009 -16"><span class='ocrx_word' id='word_1_59' title='bbox 178 1225 181 1232; x_wconf 63' lang='lat'>.</span> <span class='ocrx_word' id='word_1_60' title='bbox 288 1161 393 1244; x_wconf 78' lang='lat' dir='ltr'><strong>lingas</strong></span> <span class='ocrx_word' id='word_1_61' title='bbox 407 1171 500 1228; x_wconf 86' lang='lat' dir='ltr'><strong>terrae</strong></span> <span class='ocrx_word' id='word_1_62' title='bbox 514 1164 549 1228; x_wconf 94' lang='lat' dir='ltr'><strong>in</strong></span> <span class='ocrx_word' id='word_1_63' title='bbox 565 1165 741 1229; x_wconf 91' lang='lat' dir='ltr'><strong>Danituna.</strong></span> <span class='ocrx_word' id='word_1_64' title='bbox 787 1165 832 1229; x_wconf 86' lang='lat' dir='ltr'><strong>Et</strong></span> <span class='ocrx_word' id='word_1_65' title='bbox 846 1167 915 1248; x_wconf 91' lang='lat' dir='ltr'><strong>ipsa</strong></span> <span class='ocrx_word' id='word_1_66' title='bbox 927 1163 1128 1229; x_wconf 83' lang='lat' dir='ltr'><strong>AElfsuuitba</strong></span> <span class='ocrx_word' id='word_1_67' title='bbox 1142 1160 1291 1226; x_wconf 85' lang='lat' dir='ltr'><strong>similiter</strong></span> <span class='ocrx_word' id='word_1_68' title='bbox 1304 1158 1393 1223; x_wconf 83' lang='lat' dir='ltr'><strong>dedit</strong></span> 
     </span>
    </p>
   </div>
   <div class='ocr_carea' id='block_1_5' title="bbox 197 1262 1396 4423">
    <p class='ocr_par' dir='ltr' id='par_1_5' title="bbox 197 1262 1396 4423">
     <span class='ocr_line' id='line_1_9' title="bbox 289 1262 1393 1352; baseline -0.003 -24"><span class='ocrx_word' id='word_1_69' title='bbox 289 1263 393 1328; x_wconf 86' lang='lat' dir='ltr'><strong>eidem</strong></span> <span class='ocrx_word' id='word_1_70' title='bbox 416 1266 557 1332; x_wconf 88' lang='lat' dir='ltr'><strong>ecclesiae</strong></span> <span class='ocrx_word' id='word_1_71' title='bbox 583 1268 695 1333; x_wconf 85' lang='lat' dir='ltr'><strong>Sancti</strong></span> <span class='ocrx_word' id='word_1_72' title='bbox 717 1267 866 1346; x_wconf 69' lang='lat' dir='ltr'><strong>Andreae,</strong></span> <span class='ocrx_word' id='word_1_73' title='bbox 889 1289 948 1352; x_wconf 92' lang='lat' dir='ltr'><strong>pro</strong></span> <span class='ocrx_word' id='word_1_74' title='bbox 971 1267 1080 1331; x_wconf 90' lang='lat' dir='ltr'><strong>anima</strong></span> <span class='ocrx_word' id='word_1_75' title='bbox 1107 1287 1167 1330; x_wconf 88' lang='lat' dir='ltr'><strong>sua</strong></span> <span class='ocrx_word' id='word_1_76' title='bbox 1191 1271 1225 1330; x_wconf 91' lang='lat' dir='ltr'><strong>et</strong></span> <span class='ocrx_word' id='word_1_77' title='bbox 1247 1262 1393 1328; x_wconf 90' lang='lat' dir='ltr'><strong>omnium</strong></span> 
     </span>
     <span class='ocr_line' id='line_1_10' title="bbox 289 1367 1393 1454; baseline 0.002 -24"><span class='ocrx_word' id='word_1_78' title='bbox 289 1375 459 1449; x_wconf 87' lang='lat' dir='ltr'><strong>parentum</strong></span> <span class='ocrx_word' id='word_1_79' title='bbox 480 1390 621 1450; x_wconf 89' lang='lat' dir='ltr'><strong>suorum,</strong></span> <span class='ocrx_word' id='word_1_80' title='bbox 637 1370 716 1434; x_wconf 90' lang='lat' dir='ltr'><strong>duas</strong></span> <span class='ocrx_word' id='word_1_81' title='bbox 731 1370 886 1454; x_wconf 85' lang='lat' dir='ltr'><strong>sallingas</strong></span> <span class='ocrx_word' id='word_1_82' title='bbox 899 1377 995 1434; x_wconf 87' lang='lat' dir='ltr'><strong>terrae</strong></span> <span class='ocrx_word' id='word_1_83' title='bbox 1010 1391 1081 1454; x_wconf 81' lang='lat' dir='ltr'><strong>quae</strong></span> <span class='ocrx_word' id='word_1_84' title='bbox 1094 1375 1251 1433; x_wconf 77' lang='lat' dir='ltr'><strong>vocantur</strong></span> <span class='ocrx_word' id='word_1_85' title='bbox 1266 1367 1393 1449; x_wconf 71' lang='lat' dir='ltr'><strong>tanga</strong></span> 
     </span>
     <span class='ocr_line' id='line_1_11' title="bbox 290 1467 1393 1556; baseline -0.002 -24"><span class='ocrx_word' id='word_1_86' title='bbox 290 1469 384 1533; x_wconf 80' lang='lat' dir='ltr'><strong>felda.</strong></span> <span class='ocrx_word' id='word_1_87' title='bbox 430 1473 475 1536; x_wconf 81' lang='lat' dir='ltr'><strong>nt</strong></span> <span class='ocrx_word' id='word_1_88' title='bbox 488 1481 601 1556; x_wconf 70' lang='lat' dir='ltr'><strong>praeter</strong></span> <span class='ocrx_word' id='word_1_89' title='bbox 615 1473 684 1538; x_wconf 78' lang='lat' dir='ltr'><strong>haec</strong></span> <span class='ocrx_word' id='word_1_90' title='bbox 699 1473 788 1538; x_wconf 84' lang='lat' dir='ltr'><strong>dedit</strong></span> <span class='ocrx_word' id='word_1_91' title='bbox 800 1473 904 1536; x_wconf 87' lang='lat' dir='ltr'><strong>eidem</strong></span> <span class='ocrx_word' id='word_1_92' title='bbox 921 1471 1063 1536; x_wconf 77' lang='lat' dir='ltr'><strong>ecclesiae</strong></span> <span class='ocrx_word' id='word_1_93' title='bbox 1076 1491 1151 1534; x_wconf 86' lang='lat' dir='ltr'>xxx.</span> <span class='ocrx_word' id='word_1_94' title='bbox 1167 1489 1298 1533; x_wconf 87' lang='lat' dir='ltr'><strong>mancas</strong></span> <span class='ocrx_word' id='word_1_95' title='bbox 1311 1467 1393 1546; x_wconf 88' lang='lat' dir='ltr'><strong>auri,</strong></span> 
     </span>
     <span class='ocr_line' id='line_1_12' title="bbox 291 1557 1392 1658; baseline 0 -24"><span class='ocrx_word' id='word_1_96' title='bbox 291 1578 324 1635; x_wconf 88' lang='lat' dir='ltr'><strong>et</strong></span> <span class='ocrx_word' id='word_1_97' title='bbox 335 1593 434 1637; x_wconf 90' lang='lat' dir='ltr'><strong>unam</strong></span> <span class='ocrx_word' id='word_1_98' title='bbox 446 1581 593 1658; x_wconf 86' lang='lat' dir='ltr'><strong>torquem</strong></span> <span class='ocrx_word' id='word_1_99' title='bbox 608 1597 737 1640; x_wconf 88' lang='lat' dir='ltr'><strong>auream</strong></span> <span class='ocrx_word' id='word_1_100' title='bbox 750 1575 790 1639; x_wconf 91' lang='lat' dir='ltr'><strong>dc</strong></span> <span class='ocrx_word' id='word_1_101' title='bbox 801 1597 854 1639; x_wconf 88' lang='lat' dir='ltr'><strong>xn.</strong></span> <span class='ocrx_word' id='word_1_102' title='bbox 868 1575 990 1640; x_wconf 88' lang='lat' dir='ltr'><strong>mancis</strong></span> <span class='ocrx_word' id='word_1_103' title='bbox 1004 1574 1086 1652; x_wconf 90' lang='lat' dir='ltr'><strong>auri,</strong></span> <span class='ocrx_word' id='word_1_104' title='bbox 1097 1557 1242 1636; x_wconf 75' lang='lat' dir='ltr'><strong>ethnam</strong></span> <span class='ocrx_word' id='word_1_105' title='bbox 1256 1592 1392 1654; x_wconf 86' lang='lat' dir='ltr'><strong>cuppam</strong></span> 
     </span>
     <span class='ocr_line' id='line_1_13' title="bbox 290 1672 1393 1762; baseline -0.003 -23"><span class='ocrx_word' id='word_1_106' title='bbox 290 1685 486 1759; x_wconf 87' lang='lat' dir='ltr'><strong>argenteam,</strong></span> <span class='ocrx_word' id='word_1_107' title='bbox 511 1685 544 1741; x_wconf 92' lang='lat' dir='ltr'><strong>et</strong></span> <span class='ocrx_word' id='word_1_108' title='bbox 569 1678 734 1742; x_wconf 91' lang='lat' dir='ltr'><strong>dimidiam</strong></span> <span class='ocrx_word' id='word_1_109' title='bbox 760 1679 876 1742; x_wconf 85' lang='lat' dir='ltr'><strong>vittam</strong></span> <span class='ocrx_word' id='word_1_110' title='bbox 905 1678 1020 1762; x_wconf 87' lang='lat' dir='ltr'><strong>capitis</strong></span> <span class='ocrx_word' id='word_1_111' title='bbox 1049 1697 1190 1740; x_wconf 85' lang='lat' dir='ltr'><strong>amcam.</strong></span> <span class='ocrx_word' id='word_1_112' title='bbox 1236 1674 1281 1738; x_wconf 84' lang='lat' dir='ltr'><strong>Et</strong></span> <span class='ocrx_word' id='word_1_113' title='bbox 1303 1672 1393 1738; x_wconf 91' lang='lat' dir='ltr'><strong>omni</strong></span> 
     </span>
     <span class='ocr_line' id='line_1_14' title="bbox 292 1775 1392 1858; baseline -0.003 -17"><span class='ocrx_word' id='word_1_114' title='bbox 292 1798 387 1858; x_wconf 89' lang='lat' dir='ltr'><strong>anno,</strong></span> <span class='ocrx_word' id='word_1_115' title='bbox 402 1780 438 1842; x_wconf 93' lang='lat' dir='ltr'><strong>in</strong></span> <span class='ocrx_word' id='word_1_116' title='bbox 456 1780 567 1845; x_wconf 90' lang='lat' dir='ltr'><strong>diebus</strong></span> <span class='ocrx_word' id='word_1_117' title='bbox 584 1781 874 1845; x_wconf 81' lang='lat' dir='ltr'><strong>anniversariorum</strong></span> <span class='ocrx_word' id='word_1_118' title='bbox 894 1801 1038 1858; x_wconf 88' lang='lat' dir='ltr'><strong>suorum,</strong></span> <span class='ocrx_word' id='word_1_119' title='bbox 1053 1777 1282 1843; x_wconf 86' lang='lat' dir='ltr'><strong>ordinaverunt</strong></span> <span class='ocrx_word' id='word_1_120' title='bbox 1296 1775 1392 1839; x_wconf 84' lang='lat' dir='ltr'><strong>serri-</strong></span> 
     </span>
     <span class='ocr_line' id='line_1_15' title="bbox 292 1874 1393 1959; baseline -0.002 -20"><span class='ocrx_word' id='word_1_121' title='bbox 292 1877 417 1942; x_wconf 90' lang='lat' dir='ltr'><strong>toribus</strong></span> <span class='ocrx_word' id='word_1_122' title='bbox 435 1879 576 1944; x_wconf 84' lang='lat' dir='ltr'><strong>ecclesiae</strong></span> <span class='ocrx_word' id='word_1_123' title='bbox 599 1880 710 1944; x_wconf 87' lang='lat' dir='ltr'><strong>Sancti</strong></span> <span class='ocrx_word' id='word_1_124' title='bbox 726 1880 876 1959; x_wconf 82' lang='lat' dir='ltr'><strong>Andreae,</strong></span> <span class='ocrx_word' id='word_1_125' title='bbox 893 1879 1020 1942; x_wconf 88' lang='lat' dir='ltr'><strong>firmam</strong></span> <span class='ocrx_word' id='word_1_126' title='bbox 1044 1877 1183 1942; x_wconf 90' lang='lat' dir='ltr'><strong>duorum</strong></span> <span class='ocrx_word' id='word_1_127' title='bbox 1201 1875 1337 1952; x_wconf 90' lang='lat' dir='ltr'><strong>dierum,</strong></span> <span class='ocrx_word' id='word_1_128' title='bbox 1352 1874 1393 1937; x_wconf 90' lang='lat' dir='ltr'><strong>de</strong></span> 
     </span>
     <span class='ocr_line' id='line_1_16' title="bbox 291 1980 1391 2064; baseline 0 -22"><span class='ocrx_word' id='word_1_129' title='bbox 291 1985 378 2042; x_wconf 89' lang='lat' dir='ltr'><strong>terra</strong></span> <span class='ocrx_word' id='word_1_130' title='bbox 391 1980 448 2044; x_wconf 93' lang='lat' dir='ltr'><strong>illa</strong></span> <span class='ocrx_word' id='word_1_131' title='bbox 461 2003 533 2064; x_wconf 79' lang='lat' dir='ltr'><strong>quae</strong></span> <span class='ocrx_word' id='word_1_132' title='bbox 548 1990 681 2046; x_wconf 88' lang='lat' dir='ltr'><strong>vocatur</strong></span> <span class='ocrx_word' id='word_1_133' title='bbox 696 1984 887 2063; x_wconf 88' lang='lat' dir='ltr'><strong>Haesleholt,</strong></span> <span class='ocrx_word' id='word_1_134' title='bbox 903 1990 938 2047; x_wconf 87' lang='lat' dir='ltr'><strong>et</strong></span> <span class='ocrx_word' id='word_1_135' title='bbox 957 1983 1094 2046; x_wconf 90' lang='lat' dir='ltr'><strong>duorum</strong></span> <span class='ocrx_word' id='word_1_136' title='bbox 1110 1980 1235 2045; x_wconf 88' lang='lat' dir='ltr'><strong>dierum</strong></span> <span class='ocrx_word' id='word_1_137' title='bbox 1249 1980 1290 2044; x_wconf 90' lang='lat' dir='ltr'><strong>dc</strong></span> <span class='ocrx_word' id='word_1_138' title='bbox 1301 1980 1391 2043; x_wconf 88' lang='lat' dir='ltr'><strong>Uuo-</strong></span> 
     </span>
     <span class='ocr_line' id='line_1_17' title="bbox 292 2081 1394 2168; baseline -0.002 -23"><span class='ocrx_word' id='word_1_139' title='bbox 292 2082 499 2166; x_wconf 79' lang='lat' dir='ltr'><strong>hingeberia,</strong></span> <span class='ocrx_word' id='word_1_140' title='bbox 514 2092 547 2149; x_wconf 90' lang='lat' dir='ltr'><strong>ct</strong></span> <span class='ocrx_word' id='word_1_141' title='bbox 570 2085 706 2150; x_wconf 90' lang='lat' dir='ltr'><strong>duorum</strong></span> <span class='ocrx_word' id='word_1_142' title='bbox 729 2085 855 2150; x_wconf 87' lang='lat' dir='ltr'><strong>dierum</strong></span> <span class='ocrx_word' id='word_1_143' title='bbox 873 2085 913 2149; x_wconf 96' lang='lat' dir='ltr'><strong>de</strong></span> <span class='ocrx_word' id='word_1_144' title='bbox 927 2085 1106 2168; x_wconf 87' lang='lat' dir='ltr'><strong>Berlinges,</strong></span> <span class='ocrx_word' id='word_1_145' title='bbox 1122 2091 1155 2147; x_wconf 90' lang='lat' dir='ltr'><strong>et</strong></span> <span class='ocrx_word' id='word_1_146' title='bbox 1172 2084 1310 2147; x_wconf 89' lang='lat' dir='ltr'><strong>duorum</strong></span> <span class='ocrx_word' id='word_1_147' title='bbox 1327 2081 1394 2144; x_wconf 89' lang='lat' dir='ltr'><strong>die·</strong></span> 
     </span>
     <span class='ocr_line' id='line_1_18' title="bbox 291 2184 1393 2271; baseline -0.001 -23"><span class='ocrx_word' id='word_1_148' title='bbox 291 2205 365 2248; x_wconf 91' lang='lat' dir='ltr'><strong>rum</strong></span> <span class='ocrx_word' id='word_1_149' title='bbox 380 2185 420 2250; x_wconf 89' lang='lat' dir='ltr'><strong>de</strong></span> <span class='ocrx_word' id='word_1_150' title='bbox 437 2186 694 2271; x_wconf 87' lang='lat' dir='ltr'><strong>Herigetesham.</strong></span> <span class='ocrx_word' id='word_1_151' title='bbox 740 2190 785 2252; x_wconf 83' lang='lat' dir='ltr'><strong>Et</strong></span> <span class='ocrx_word' id='word_1_152' title='bbox 806 2189 948 2253; x_wconf 83' lang='lat' dir='ltr'><strong>ecclesiae</strong></span> <span class='ocrx_word' id='word_1_153' title='bbox 963 2187 1087 2252; x_wconf 88' lang='lat' dir='ltr'><strong>Christi</strong></span> <span class='ocrx_word' id='word_1_154' title='bbox 1102 2185 1286 2250; x_wconf 84' lang='lat' dir='ltr'><strong>Cantnarioe</strong></span> <span class='ocrx_word' id='word_1_155' title='bbox 1299 2184 1393 2248; x_wconf 87' lang='lat' dir='ltr'><strong>dede·</strong></span> 
     </span>
     <span class='ocr_line' id='line_1_19' title="bbox 292 2289 1391 2374; baseline -0.003 -22"><span class='ocrx_word' id='word_1_156' title='bbox 292 2296 370 2352; x_wconf 89' lang='lat' dir='ltr'><strong>runt</strong></span> <span class='ocrx_word' id='word_1_157' title='bbox 395 2291 560 2373; x_wconf 83' lang='lat' dir='ltr'><strong>sexaginta</strong></span> <span class='ocrx_word' id='word_1_158' title='bbox 589 2311 718 2356; x_wconf 89' lang='lat' dir='ltr'><strong>mancas</strong></span> <span class='ocrx_word' id='word_1_159' title='bbox 743 2291 824 2369; x_wconf 88' lang='lat' dir='ltr'><strong>auri,</strong></span> <span class='ocrx_word' id='word_1_160' title='bbox 845 2311 922 2355; x_wconf 85' lang='lat' dir='ltr'>xxx.</span> <span class='ocrx_word' id='word_1_161' title='bbox 946 2289 1195 2374; x_wconf 88' lang='lat' dir='ltr'><strong>archiepiscopo,</strong></span> <span class='ocrx_word' id='word_1_162' title='bbox 1220 2309 1295 2352; x_wconf 86' lang='lat' dir='ltr'>xxx.</span> <span class='ocrx_word' id='word_1_163' title='bbox 1316 2308 1391 2352; x_wconf 91' lang='lat' dir='ltr'><strong>con-</strong></span> 
     </span>
     <span class='ocr_line' id='line_1_20' title="bbox 292 2390 1394 2476; baseline 0.001 -24"><span class='ocrx_word' id='word_1_164' title='bbox 292 2390 403 2454; x_wconf 89' lang='lat' dir='ltr'><strong>ventui</strong></span> <span class='ocrx_word' id='word_1_165' title='bbox 417 2390 565 2470; x_wconf 86' lang='lat' dir='ltr'><strong>fratrum,</strong></span> <span class='ocrx_word' id='word_1_166' title='bbox 580 2401 614 2457; x_wconf 88' lang='lat' dir='ltr'><strong>et</strong></span> <span class='ocrx_word' id='word_1_167' title='bbox 628 2415 726 2457; x_wconf 88' lang='lat' dir='ltr'><strong>unam</strong></span> <span class='ocrx_word' id='word_1_168' title='bbox 741 2401 890 2476; x_wconf 75' lang='lat' dir='ltr'><strong>torquem</strong></span> <span class='ocrx_word' id='word_1_169' title='bbox 905 2413 1045 2470; x_wconf 86' lang='lat' dir='ltr'><strong>auream,</strong></span> <span class='ocrx_word' id='word_1_170' title='bbox 1061 2413 1134 2476; x_wconf 77' lang='lat' dir='ltr'><strong>quae</strong></span> <span class='ocrx_word' id='word_1_171' title='bbox 1153 2390 1293 2455; x_wconf 89' lang='lat' dir='ltr'><strong>habebat</strong></span> <span class='ocrx_word' id='word_1_172' title='bbox 1306 2397 1394 2453; x_wconf 87' lang='lat' dir='ltr'><strong>octo·</strong></span> 
     </span>
     <span class='ocr_line' id='line_1_21' title="bbox 293 2491 1393 2580; baseline -0.001 -25"><span class='ocrx_word' id='word_1_173' title='bbox 293 2491 384 2575; x_wconf 84' lang='lat' dir='ltr'><strong>ginta</strong></span> <span class='ocrx_word' id='word_1_174' title='bbox 398 2515 528 2558; x_wconf 89' lang='lat' dir='ltr'><strong>mancas</strong></span> <span class='ocrx_word' id='word_1_175' title='bbox 542 2495 623 2575; x_wconf 89' lang='lat' dir='ltr'><strong>auri,</strong></span> <span class='ocrx_word' id='word_1_176' title='bbox 644 2504 678 2561; x_wconf 88' lang='lat' dir='ltr'><strong>ct</strong></span> <span class='ocrx_word' id='word_1_177' title='bbox 692 2495 772 2561; x_wconf 87' lang='lat' dir='ltr'><strong>duas</strong></span> <span class='ocrx_word' id='word_1_178' title='bbox 790 2517 911 2580; x_wconf 86' lang='lat' dir='ltr'><strong>cuppas</strong></span> <span class='ocrx_word' id='word_1_179' title='bbox 926 2501 1104 2579; x_wconf 85' lang='lat' dir='ltr'><strong>argenteas,</strong></span> <span class='ocrx_word' id='word_1_180' title='bbox 1120 2501 1154 2556; x_wconf 87' lang='lat' dir='ltr'><strong>ct</strong></span> <span class='ocrx_word' id='word_1_181' title='bbox 1168 2501 1287 2557; x_wconf 88' lang='lat' dir='ltr'><strong>terram</strong></span> <span class='ocrx_word' id='word_1_182' title='bbox 1304 2492 1393 2555; x_wconf 85' lang='lat' dir='ltr'><strong>iilam</strong></span> 
     </span>
     <span class='ocr_line' id='line_1_22' title="bbox 197 2595 1395 2683; baseline -0.002 -23"><span class='ocrx_word' id='word_1_183' title='bbox 197 2648 200 2655; x_wconf 95' lang='lat'>.</span> <span class='ocrx_word' id='word_1_184' title='bbox 292 2617 364 2679; x_wconf 74' lang='lat' dir='ltr'><strong>quaa</strong></span> <span class='ocrx_word' id='word_1_185' title='bbox 378 2606 510 2662; x_wconf 89' lang='lat' dir='ltr'><strong>vocatur</strong></span> <span class='ocrx_word' id='word_1_186' title='bbox 525 2600 727 2683; x_wconf 85' lang='lat' dir='ltr'><strong>Meapeham.</strong></span> <span class='ocrx_word' id='word_1_187' title='bbox 765 2600 809 2662; x_wconf 83' lang='lat' dir='ltr'><strong>Et</strong></span> <span class='ocrx_word' id='word_1_188' title='bbox 824 2598 967 2663; x_wconf 73' lang='lat' dir='ltr'><strong>ecclesia</strong></span> <span class='ocrx_word' id='word_1_189' title='bbox 987 2597 1100 2662; x_wconf 88' lang='lat' dir='ltr'><strong>Sancti</strong></span> <span class='ocrx_word' id='word_1_190' title='bbox 1108 2595 1285 2680; x_wconf 79' lang='lat' dir='ltr'><strong>Augustini</strong></span> <span class='ocrx_word' id='word_1_191' title='bbox 1299 2595 1395 2658; x_wconf 88' lang='lat' dir='ltr'><strong>dede·</strong></span> 
     </span>
     <span class='ocr_line' id='line_1_23' title="bbox 291 2698 1394 2786; baseline 0 -24"><span class='ocrx_word' id='word_1_192' title='bbox 291 2707 370 2762; x_wconf 90' lang='lat' dir='ltr'><strong>runt</strong></span> <span class='ocrx_word' id='word_1_193' title='bbox 384 2722 458 2764; x_wconf 86' lang='lat' dir='ltr'>xxx.</span> <span class='ocrx_word' id='word_1_194' title='bbox 471 2722 600 2766; x_wconf 87' lang='lat' dir='ltr'><strong>mancas</strong></span> <span class='ocrx_word' id='word_1_195' title='bbox 615 2701 696 2781; x_wconf 89' lang='lat' dir='ltr'><strong>auri&#39;,</strong></span> <span class='ocrx_word' id='word_1_196' title='bbox 712 2710 746 2766; x_wconf 90' lang='lat' dir='ltr'><strong>ct</strong></span> <span class='ocrx_word' id='word_1_197' title='bbox 756 2702 837 2766; x_wconf 89' lang='lat' dir='ltr'><strong>duas</strong></span> <span class='ocrx_word' id='word_1_198' title='bbox 850 2723 970 2786; x_wconf 87' lang='lat' dir='ltr'><strong>cuppas</strong></span> <span class='ocrx_word' id='word_1_199' title='bbox 985 2708 1163 2785; x_wconf 85' lang='lat' dir='ltr'><strong>argenteas,</strong></span> <span class='ocrx_word' id='word_1_200' title='bbox 1178 2708 1212 2763; x_wconf 88' lang='lat' dir='ltr'><strong>et</strong></span> <span class='ocrx_word' id='word_1_201' title='bbox 1226 2698 1394 2762; x_wconf 86' lang='lat' dir='ltr'><strong>dimidiam</strong></span> 
     </span>
     <span class='ocr_line' id='line_1_24' title="bbox 293 2800 1395 2888; baseline 0 -24"><span class='ocrx_word' id='word_1_202' title='bbox 293 2802 407 2866; x_wconf 90' lang='lat' dir='ltr'><strong>vittam</strong></span> <span class='ocrx_word' id='word_1_203' title='bbox 422 2824 562 2867; x_wconf 89' lang='lat' dir='ltr'><strong>auream.</strong></span> <span class='ocrx_word' id='word_1_204' title='bbox 607 2804 652 2868; x_wconf 84' lang='lat' dir='ltr'><strong>Et</strong></span> <span class='ocrx_word' id='word_1_205' title='bbox 666 2812 785 2868; x_wconf 89' lang='lat' dir='ltr'><strong>terram</strong></span> <span class='ocrx_word' id='word_1_206' title='bbox 799 2804 888 2868; x_wconf 84' lang='lat' dir='ltr'><strong>illam</strong></span> <span class='ocrx_word' id='word_1_207' title='bbox 904 2825 976 2888; x_wconf 84' lang='lat' dir='ltr'><strong>quoe</strong></span> <span class='ocrx_word' id='word_1_208' title='bbox 987 2810 1121 2867; x_wconf 87' lang='lat' dir='ltr'><strong>vocatur</strong></span> <span class='ocrx_word' id='word_1_209' title='bbox 1135 2804 1286 2867; x_wconf 84' lang='lat' dir='ltr'><strong>Daarente</strong></span> <span class='ocrx_word' id='word_1_210' title='bbox 1300 2800 1395 2866; x_wconf 90' lang='lat' dir='ltr'><strong>dede·</strong></span> 
     </span>
     <span class='ocr_line' id='line_1_25' title="bbox 292 2905 1394 2990; baseline 0.001 -23"><span class='ocrx_word' id='word_1_211' title='bbox 292 2912 370 2968; x_wconf 88' lang='lat' dir='ltr'><strong>runt</strong></span> <span class='ocrx_word' id='word_1_212' title='bbox 385 2905 591 2987; x_wconf 88' lang='lat' dir='ltr'><strong>Brihtuuara,</strong></span> <span class='ocrx_word' id='word_1_213' title='bbox 606 2906 641 2969; x_wconf 92' lang='lat' dir='ltr'><strong>in</strong></span> <span class='ocrx_word' id='word_1_214' title='bbox 656 2906 768 2971; x_wconf 88' lang='lat' dir='ltr'><strong>diebus</strong></span> <span class='ocrx_word' id='word_1_215' title='bbox 782 2906 857 2971; x_wconf 69' lang='lat' dir='ltr'><strong>vitae</strong></span> <span class='ocrx_word' id='word_1_216' title='bbox 876 2907 947 2990; x_wconf 86' lang='lat' dir='ltr'><strong>ejus</strong></span> <span class='ocrx_word' id='word_1_217' title='bbox 965 2913 1106 2985; x_wconf 87' lang='lat' dir='ltr'><strong>tantum,</strong></span> <span class='ocrx_word' id='word_1_218' title='bbox 1122 2914 1155 2969; x_wconf 89' lang='lat' dir='ltr'><strong>et</strong></span> <span class='ocrx_word' id='word_1_219' title='bbox 1169 2914 1242 2989; x_wconf 88' lang='lat' dir='ltr'><strong>post</strong></span> <span class='ocrx_word' id='word_1_220' title='bbox 1255 2912 1394 2969; x_wconf 88' lang='lat' dir='ltr'><strong>mortem</strong></span> 
     </span>
     <span class='ocr_line' id='line_1_26' title="bbox 292 3007 1394 3094; baseline 0.003 -26"><span class='ocrx_word' id='word_1_221' title='bbox 292 3007 362 3090; x_wconf 86' lang='lat' dir='ltr'><strong>ejus</strong></span> <span class='ocrx_word' id='word_1_222' title='bbox 385 3007 525 3072; x_wconf 78' lang='lat' dir='ltr'><strong>ecclesias</strong></span> <span class='ocrx_word' id='word_1_223' title='bbox 546 3009 657 3073; x_wconf 90' lang='lat' dir='ltr'><strong>Sancti</strong></span> <span class='ocrx_word' id='word_1_224' title='bbox 674 3008 824 3088; x_wconf 80' lang='lat' dir='ltr'><strong>Andreae,</strong></span> <span class='ocrx_word' id='word_1_225' title='bbox 840 3030 899 3094; x_wconf 88' lang='lat' dir='ltr'><strong>pro</strong></span> <span class='ocrx_word' id='word_1_226' title='bbox 923 3030 957 3073; x_wconf 87' lang='lat' dir='ltr'><strong>sc</strong></span> <span class='ocrx_word' id='word_1_227' title='bbox 983 3016 1017 3074; x_wconf 91' lang='lat' dir='ltr'><strong>et</strong></span> <span class='ocrx_word' id='word_1_228' title='bbox 1038 3009 1293 3074; x_wconf 86' lang='lat' dir='ltr'><strong>antecessoribus</strong></span> <span class='ocrx_word' id='word_1_229' title='bbox 1315 3008 1394 3073; x_wconf 89' lang='lat' dir='ltr'><strong>suis.</strong></span> 
     </span>
     <span class='ocr_line' id='line_1_27' title="bbox 292 3108 1393 3195; baseline 0.004 -23"><span class='ocrx_word' id='word_1_230' title='bbox 292 3108 337 3172; x_wconf 84' lang='lat' dir='ltr'><strong>Et</strong></span> <span class='ocrx_word' id='word_1_231' title='bbox 352 3110 519 3193; x_wconf 89' lang='lat' dir='ltr'><strong>Berlinges</strong></span> <span class='ocrx_word' id='word_1_232' title='bbox 534 3110 690 3175; x_wconf 88' lang='lat' dir='ltr'><strong>dederunt</strong></span> <span class='ocrx_word' id='word_1_233' title='bbox 705 3112 832 3175; x_wconf 89' lang='lat' dir='ltr'><strong>cuidam</strong></span> <span class='ocrx_word' id='word_1_234' title='bbox 848 3111 978 3176; x_wconf 87' lang='lat' dir='ltr'><strong>nomine</strong></span> <span class='ocrx_word' id='word_1_235' title='bbox 988 3111 1151 3195; x_wconf 82' lang='lat' dir='ltr'><strong>Wulfego,</strong></span> <span class='ocrx_word' id='word_1_236' title='bbox 1166 3112 1224 3176; x_wconf 87' lang='lat' dir='ltr'><strong>tali</strong></span> <span class='ocrx_word' id='word_1_237' title='bbox 1239 3120 1343 3195; x_wconf 86' lang='lat' dir='ltr'><strong>pacto,</strong></span> <span class='ocrx_word' id='word_1_238' title='bbox 1356 3119 1393 3175; x_wconf 89' lang='lat' dir='ltr'><strong>ut</strong></span> 
     </span>
     <span class='ocr_line' id='line_1_28' title="bbox 292 3210 1395 3298; baseline 0.003 -24"><span class='ocrx_word' id='word_1_239' title='bbox 292 3211 361 3293; x_wconf 88' lang='lat' dir='ltr'><strong>ipse</strong></span> <span class='ocrx_word' id='word_1_240' title='bbox 376 3210 468 3275; x_wconf 88' lang='lat' dir='ltr'><strong>daret</strong></span> <span class='ocrx_word' id='word_1_241' title='bbox 481 3212 567 3292; x_wconf 87' lang='lat' dir='ltr'><strong>inde,</strong></span> <span class='ocrx_word' id='word_1_242' title='bbox 583 3213 672 3278; x_wconf 92' lang='lat' dir='ltr'><strong>omni</strong></span> <span class='ocrx_word' id='word_1_243' title='bbox 687 3234 782 3292; x_wconf 90' lang='lat' dir='ltr'><strong>anno,</strong></span> <span class='ocrx_word' id='word_1_244' title='bbox 799 3213 904 3278; x_wconf 86' lang='lat' dir='ltr'><strong>decies</strong></span> <span class='ocrx_word' id='word_1_245' title='bbox 918 3222 1050 3278; x_wconf 91' lang='lat' dir='ltr'><strong>centum</strong></span> <span class='ocrx_word' id='word_1_246' title='bbox 1066 3213 1225 3292; x_wconf 85' lang='lat' dir='ltr'><strong>denarios,</strong></span> <span class='ocrx_word' id='word_1_247' title='bbox 1239 3236 1298 3298; x_wconf 89' lang='lat' dir='ltr'><strong>pro</strong></span> <span class='ocrx_word' id='word_1_248' title='bbox 1313 3235 1347 3278; x_wconf 87' lang='lat' dir='ltr'><strong>se</strong></span> <span class='ocrx_word' id='word_1_249' title='bbox 1361 3223 1395 3277; x_wconf 91' lang='lat' dir='ltr'><strong>et</strong></span> 
     </span>
     <span class='ocr_line' id='line_1_29' title="bbox 294 3314 1394 3395; baseline 0.005 -19"><span class='ocrx_word' id='word_1_250' title='bbox 294 3333 351 3395; x_wconf 89' lang='lat' dir='ltr'><strong>pro</strong></span> <span class='ocrx_word' id='word_1_251' title='bbox 366 3314 619 3379; x_wconf 86' lang='lat' dir='ltr'><strong>antecessoribus</strong></span> <span class='ocrx_word' id='word_1_252' title='bbox 635 3315 711 3394; x_wconf 89' lang='lat' dir='ltr'><strong>suis,</strong></span> <span class='ocrx_word' id='word_1_253' title='bbox 727 3316 869 3380; x_wconf 77' lang='lat' dir='ltr'><strong>ecclesiae</strong></span> <span class='ocrx_word' id='word_1_254' title='bbox 887 3316 998 3380; x_wconf 87' lang='lat' dir='ltr'><strong>Sancti</strong></span> <span class='ocrx_word' id='word_1_255' title='bbox 1014 3316 1162 3381; x_wconf 83' lang='lat' dir='ltr'><strong>Andreae.</strong></span> <span class='ocrx_word' id='word_1_256' title='bbox 1208 3318 1252 3380; x_wconf 83' lang='lat' dir='ltr'><strong>Et</strong></span> <span class='ocrx_word' id='word_1_257' title='bbox 1266 3317 1394 3381; x_wconf 77' lang='lat' dir='ltr'><strong>atridam</strong></span> 
     </span>
     <span class='ocr_line' id='line_1_30' title="bbox 292 3414 1394 3503; baseline 0.006 -26"><span class='ocrx_word' id='word_1_258' title='bbox 292 3414 432 3478; x_wconf 86' lang='lat' dir='ltr'><strong>Wulfsio</strong></span> <span class='ocrx_word' id='word_1_259' title='bbox 447 3415 606 3480; x_wconf 89' lang='lat' dir='ltr'><strong>dederunt</strong></span> <span class='ocrx_word' id='word_1_260' title='bbox 620 3417 884 3503; x_wconf 82' lang='lat' dir='ltr'><strong>Wotryngebyri,</strong></span> <span class='ocrx_word' id='word_1_261' title='bbox 901 3418 964 3483; x_wconf 91' lang='lat' dir='ltr'><strong>sibi</strong></span> <span class='ocrx_word' id='word_1_262' title='bbox 986 3442 1050 3483; x_wconf 73' lang='lat' dir='ltr'><strong>suar</strong></span> <span class='ocrx_word' id='word_1_263' title='bbox 1069 3420 1233 3503; x_wconf 87' lang='lat' dir='ltr'><strong>progeniei</strong></span> <span class='ocrx_word' id='word_1_264' title='bbox 1252 3419 1288 3482; x_wconf 92' lang='lat' dir='ltr'><strong>in</strong></span> <span class='ocrx_word' id='word_1_265' title='bbox 1301 3419 1394 3484; x_wconf 87' lang='lat' dir='ltr'><strong>here-</strong></span> 
     </span>
     <span class='ocr_line' id='line_1_31' title="bbox 292 3517 1394 3604; baseline 0.005 -23"><span class='ocrx_word' id='word_1_266' title='bbox 292 3517 427 3581; x_wconf 87' lang='lat' dir='ltr'><strong>ditatam</strong></span> <span class='ocrx_word' id='word_1_267' title='bbox 450 3518 602 3583; x_wconf 83' lang='lat' dir='ltr'><strong>futmam.</strong></span> <span class='ocrx_word' id='word_1_268' title='bbox 662 3522 707 3585; x_wconf 86' lang='lat' dir='ltr'><strong>Et</strong></span> <span class='ocrx_word' id='word_1_269' title='bbox 731 3520 846 3587; x_wconf 85' lang='lat' dir='ltr'><strong>Sircdo</strong></span> <span class='ocrx_word' id='word_1_270' title='bbox 871 3522 1062 3586; x_wconf 81' lang='lat' dir='ltr'><strong>Hoeselbolt.</strong></span> <span class='ocrx_word' id='word_1_271' title='bbox 1123 3523 1167 3585; x_wconf 79' lang='lat' dir='ltr'><strong>Iit</strong></span> <span class='ocrx_word' id='word_1_272' title='bbox 1186 3521 1338 3604; x_wconf 86' lang='lat' dir='ltr'><strong>Wulfego</strong></span> <span class='ocrx_word' id='word_1_273' title='bbox 1361 3530 1394 3586; x_wconf 89' lang='lat' dir='ltr'><strong>et</strong></span> 
     </span>
     <span class='ocr_line' id='line_1_32' title="bbox 293 3621 1393 3706; baseline 0.005 -23"><span class='ocrx_word' id='word_1_274' title='bbox 293 3621 419 3703; x_wconf 84' lang='lat' dir='ltr'><strong>AElfego</strong></span> <span class='ocrx_word' id='word_1_275' title='bbox 448 3621 538 3684; x_wconf 86' lang='lat' dir='ltr'><strong>fratri</strong></span> <span class='ocrx_word' id='word_1_276' title='bbox 568 3644 626 3686; x_wconf 91' lang='lat' dir='ltr'><strong>suo</strong></span> <span class='ocrx_word' id='word_1_277' title='bbox 656 3623 903 3706; x_wconf 83' lang='lat' dir='ltr'><strong>Hergatesham,</strong></span> <span class='ocrx_word' id='word_1_278' title='bbox 932 3624 968 3686; x_wconf 91' lang='lat' dir='ltr'><strong>in</strong></span> <span class='ocrx_word' id='word_1_279' title='bbox 998 3624 1209 3688; x_wconf 87' lang='lat' dir='ltr'><strong>hereditatem</strong></span> <span class='ocrx_word' id='word_1_280' title='bbox 1238 3624 1393 3689; x_wconf 82' lang='lat' dir='ltr'><strong>futuram.</strong></span> 
     </span>
     <span class='ocr_line' id='line_1_33' title="bbox 292 3723 1395 3809; baseline 0.002 -22"><span class='ocrx_word' id='word_1_281' title='bbox 292 3723 337 3787; x_wconf 86' lang='lat' dir='ltr'><strong>Et</strong></span> <span class='ocrx_word' id='word_1_282' title='bbox 357 3724 483 3787; x_wconf 91' lang='lat' dir='ltr'><strong>cuidam</strong></span> <span class='ocrx_word' id='word_1_283' title='bbox 498 3724 683 3789; x_wconf 79' lang='lat' dir='ltr'><strong>Wrdfstano</strong></span> <span class='ocrx_word' id='word_1_284' title='bbox 705 3726 895 3809; x_wconf 82' lang='lat' dir='ltr'><strong>cognomine</strong></span> <span class='ocrx_word' id='word_1_285' title='bbox 910 3726 1002 3790; x_wconf 89' lang='lat' dir='ltr'><strong>Ucoa</strong></span> <span class='ocrx_word' id='word_1_286' title='bbox 1024 3733 1145 3790; x_wconf 89' lang='lat' dir='ltr'><strong>terram</strong></span> <span class='ocrx_word' id='word_1_287' title='bbox 1171 3746 1244 3809; x_wconf 84' lang='lat' dir='ltr'><strong>quoe</strong></span> <span class='ocrx_word' id='word_1_288' title='bbox 1260 3734 1395 3789; x_wconf 85' lang='lat' dir='ltr'><strong>vocatur</strong></span> 
     </span>
     <span class='ocr_line' id='line_1_34' title="bbox 292 3826 1396 3912; baseline 0.003 -23"><span class='ocrx_word' id='word_1_289' title='bbox 292 3826 527 3890; x_wconf 86' lang='lat' dir='ltr'><strong>Wolcnestede.</strong></span> <span class='ocrx_word' id='word_1_290' title='bbox 573 3827 618 3891; x_wconf 79' lang='lat' dir='ltr'><strong>nt</strong></span> <span class='ocrx_word' id='word_1_291' title='bbox 632 3827 704 3891; x_wconf 85' lang='lat' dir='ltr'><strong>illas</strong></span> <span class='ocrx_word' id='word_1_292' title='bbox 714 3849 745 3893; x_wconf 89' lang='lat' dir='ltr'>x.</span> <span class='ocrx_word' id='word_1_293' title='bbox 759 3827 861 3912; x_wconf 86' lang='lat' dir='ltr'><strong>hydas</strong></span> <span class='ocrx_word' id='word_1_294' title='bbox 875 3836 970 3891; x_wconf 78' lang='lat' dir='ltr'><strong>terrae</strong></span> <span class='ocrx_word' id='word_1_295' title='bbox 984 3850 1057 3911; x_wconf 83' lang='lat' dir='ltr'><strong>qnae</strong></span> <span class='ocrx_word' id='word_1_296' title='bbox 1071 3835 1148 3891; x_wconf 91' lang='lat' dir='ltr'><strong>sunt</strong></span> <span class='ocrx_word' id='word_1_297' title='bbox 1162 3828 1197 3891; x_wconf 94' lang='lat' dir='ltr'><strong>in</strong></span> <span class='ocrx_word' id='word_1_298' title='bbox 1214 3830 1396 3892; x_wconf 80' lang='lat' dir='ltr'><strong>Stroettuna</strong></span> 
     </span>
     <span class='ocr_line' id='line_1_35' title="bbox 291 3929 1394 4013; baseline -0.001 -19"><span class='ocrx_word' id='word_1_299' title='bbox 291 3930 448 3994; x_wconf 86' lang='lat' dir='ltr'><strong>dederunt</strong></span> <span class='ocrx_word' id='word_1_300' title='bbox 485 3930 679 3993; x_wconf 89' lang='lat' dir='ltr'><strong>monasterio</strong></span> <span class='ocrx_word' id='word_1_301' title='bbox 712 3929 751 3992; x_wconf 91' lang='lat' dir='ltr'><strong>de</strong></span> <span class='ocrx_word' id='word_1_302' title='bbox 780 3930 1020 3996; x_wconf 86' lang='lat' dir='ltr'><strong>Wolcnestede.</strong></span> <span class='ocrx_word' id='word_1_303' title='bbox 1079 3931 1124 3993; x_wconf 83' lang='lat' dir='ltr'><strong>nt</strong></span> <span class='ocrx_word' id='word_1_304' title='bbox 1152 3939 1226 4013; x_wconf 88' lang='lat' dir='ltr'><strong>post</strong></span> <span class='ocrx_word' id='word_1_305' title='bbox 1254 3939 1394 3994; x_wconf 88' lang='lat' dir='ltr'><strong>mortem</strong></span> 
     </span>
     <span class='ocr_line' id='line_1_36' title="bbox 291 4031 1395 4115; baseline -0.001 -18"><span class='ocrx_word' id='word_1_306' title='bbox 291 4033 488 4115; x_wconf 85' lang='lat' dir='ltr'><strong>Bryhtware,</strong></span> <span class='ocrx_word' id='word_1_307' title='bbox 504 4039 623 4096; x_wconf 89' lang='lat' dir='ltr'><strong>terram</strong></span> <span class='ocrx_word' id='word_1_308' title='bbox 650 4031 689 4095; x_wconf 86' lang='lat' dir='ltr'><strong>da</strong></span> <span class='ocrx_word' id='word_1_309' title='bbox 712 4032 906 4095; x_wconf 77' lang='lat' dir='ltr'><strong>Faickeham</strong></span> <span class='ocrx_word' id='word_1_310' title='bbox 932 4032 1090 4096; x_wconf 85' lang='lat' dir='ltr'><strong>dedemnt</strong></span> <span class='ocrx_word' id='word_1_311' title='bbox 1114 4033 1257 4096; x_wconf 75' lang='lat' dir='ltr'><strong>ecclesia</strong></span> <span class='ocrx_word' id='word_1_312' title='bbox 1283 4032 1395 4097; x_wconf 87' lang='lat' dir='ltr'><strong>Sancti</strong></span> 
     </span>
     <span class='ocr_line' id='line_1_37' title="bbox 290 4130 1395 4218; baseline 0 -21"><span class='ocrx_word' id='word_1_313' title='bbox 290 4134 437 4211; x_wconf 75' lang='lat' dir='ltr'><strong>Andrean,</strong></span> <span class='ocrx_word' id='word_1_314' title='bbox 463 4141 496 4196; x_wconf 93' lang='lat' dir='ltr'><strong>et</strong></span> <span class='ocrx_word' id='word_1_315' title='bbox 521 4134 726 4216; x_wconf 87' lang='lat' dir='ltr'><strong>Bromlegam</strong></span> <span class='ocrx_word' id='word_1_316' title='bbox 755 4134 916 4212; x_wconf 87' lang='lat' dir='ltr'><strong>similiter,</strong></span> <span class='ocrx_word' id='word_1_317' title='bbox 940 4142 1015 4216; x_wconf 87' lang='lat' dir='ltr'><strong>post</strong></span> <span class='ocrx_word' id='word_1_318' title='bbox 1038 4130 1189 4198; x_wconf 84' lang='lat' dir='ltr'><strong>mortem&#39;</strong></span> <span class='ocrx_word' id='word_1_319' title='bbox 1207 4135 1287 4218; x_wconf 87' lang='lat' dir='ltr'><strong>ejus,</strong></span> <span class='ocrx_word' id='word_1_320' title='bbox 1310 4135 1395 4199; x_wconf 87' lang='lat' dir='ltr'><strong>sicut</strong></span> 
     </span>
     <span class='ocr_line' id='line_1_38' title="bbox 289 4235 1394 4320; baseline 0 -21"><span class='ocrx_word' id='word_1_321' title='bbox 289 4236 453 4314; x_wconf 84' lang='lat' dir='ltr'><strong>AElfricus,</strong></span> <span class='ocrx_word' id='word_1_322' title='bbox 469 4236 619 4299; x_wconf 85' lang='lat' dir='ltr'><strong>dominus</strong></span> <span class='ocrx_word' id='word_1_323' title='bbox 640 4236 720 4320; x_wconf 88' lang='lat' dir='ltr'><strong>ejus,</strong></span> <span class='ocrx_word' id='word_1_324' title='bbox 737 4235 870 4300; x_wconf 85' lang='lat' dir='ltr'><strong>dederat</strong></span> <span class='ocrx_word' id='word_1_325' title='bbox 884 4258 955 4300; x_wconf 88' lang='lat' dir='ltr'><strong>eam</strong></span> <span class='ocrx_word' id='word_1_326' title='bbox 975 4236 1079 4300; x_wconf 91' lang='lat' dir='ltr'><strong>eidem</strong></span> <span class='ocrx_word' id='word_1_327' title='bbox 1095 4238 1248 4301; x_wconf 79' lang='lat' dir='ltr'><strong>ecclesiae.</strong></span> <span class='ocrx_word' id='word_1_328' title='bbox 1296 4236 1394 4301; x_wconf 88' lang='lat' dir='ltr'><strong>Simi-</strong></span> 
     </span>
     <span class='ocr_line' id='line_1_39' title="bbox 286 4337 1391 4423; baseline 0.001 -23"><span class='ocrx_word' id='word_1_329' title='bbox 286 4338 363 4407; x_wconf 88' lang='lat' dir='ltr'><strong>liter</strong></span> <span class='ocrx_word' id='word_1_330' title='bbox 385 4338 543 4402; x_wconf 90' lang='lat' dir='ltr'><strong>dederunt</strong></span> <span class='ocrx_word' id='word_1_331' title='bbox 569 4346 602 4401; x_wconf 91' lang='lat' dir='ltr'><strong>et</strong></span> <span class='ocrx_word' id='word_1_332' title='bbox 626 4337 822 4401; x_wconf 88' lang='lat' dir='ltr'><strong>Snodilande</strong></span> <span class='ocrx_word' id='word_1_333' title='bbox 846 4338 949 4402; x_wconf 89' lang='lat' dir='ltr'><strong>eidem</strong></span> <span class='ocrx_word' id='word_1_334' title='bbox 976 4338 1129 4418; x_wconf 83' lang='lat' dir='ltr'><strong>ecclesiae,</strong></span> <span class='ocrx_word' id='word_1_335' title='bbox 1152 4346 1226 4423; x_wconf 88' lang='lat' dir='ltr'><strong>post</strong></span> <span class='ocrx_word' id='word_1_336' title='bbox 1252 4346 1391 4402; x_wconf 88' lang='lat' dir='ltr'><strong>mortem</strong></span> 
     </span>
    </p>
   </div>
   <div class='ocr_carea' id='block_1_6' title="bbox 0 0 1629 5125">
    <p class='ocr_par' dir='ltr' id='par_1_6' title="bbox 0 0 1629 5125">
     <span class='ocr_line' id='line_1_40' title="bbox 0 0 1629 5125; baseline 0 0"><span class='ocrx_word' id='word_1_337' title='bbox 0 0 1629 5125; x_wconf 95' lang='lat' dir='ltr'><strong> </strong></span> 
     </span>
    </p>
   </div>
  </div>
 </body>
</html>
