3234 5125
296 436 349 489 342
573 428 894 486 MISOELLANEOUS
913 426 1128 481 cllARTERS.

298 604 440 679 AEllstln
461 623 569 681 never,
589 602 624 665 in
645 622 708 685 any
726 599 922 677 otherwise,
940 597 1091 681 expected
1110 597 1167 659 tbe
1186 593 1274 658 third
1296 615 1405 678 penny

296 706 380 771 from
400 705 580 771 Sandwicb.
625 704 726 769 God's
741 702 885 785 blessing
898 702 939 765 be
954 700 1032 764 witb
1049 722 1088 763 us
1107 699 1150 763 all
1165 698 1216 763 for
1229 716 1403 761 evermore

298 811 415 873 Amen.

615 1008 1101 1021 ---.—..—..———-

453 1276 471 1312 ι
482 1260 578 1316 KING
597 1258 873 1317 HARTHAGNUT.
911 1260 1237 1316 samm-sarm

344 1408 383 1488 ›1‹
401 1408 443 1470 In
456 1406 587 1471 nomine
602 1414 713 1471 sancte
727 1406 896 1471 Trinitatis
910 1415 943 1472 et
957 1406 1122 1471 individue
1137 1404 1293 1470 Unitatis.
1337 1405 1404 1467 De·

297 1510 429 1595 scriptio
450 1509 667 1574 immunitatis
683 1510 855 1575 Hardcnut
867 1510 1050 1594 Anglorum
1063 1510 1148 1593 regis
1164 1529 1260 1591 super
1274 1527 1401 1571 monas·

298 1614 380 1677 terio
411 1614 522 1677 Sancti
546 1612 729 1677 Eadmuudi
753 1614 916 1698 martyris.
972 1614 1084 1678 qurm
1109 1611 1219 1675 divina
1246 1609 1404 1693 scriptura

298 1716 410 1779 multis
424 1716 459 1779 in
473 1716 552 1781 loeis
566 1724 740 1781 attestante
757 1717 860 1801 liquet
873 1716 1007 1781 omniuo
1022 1736 1151 1779 cursum
1165 1713 1323 1798 presentis
1336 1713 1403 1776 vite

298 1818 332 1883 iu
348 1819 429 1882 valle
451 1818 654 1883 lacrimarum
678 1821 893 1884 constitutum
911 1820 991 1898 fore,
1006 1824 1172 1903 perspecta
1186 1815 1318 1881 volubili
1331 1822 1404 1879 rota

299 1921 495 1985 transeuntis
513 1920 627 1983 mundi
644 1922 727 1987 nulli
746 1923 918 2007 cujuslibet
940 1922 1077 1987 sciencie
1093 1920 1269 2005 perspicaci
1288 1919 1399 2001 vigore

298 2024 432 2107 pollenti
447 2023 500 2087 bic
514 2022 737 2107 investiganda
751 2032 867 2090 estant
881 2024 1040 2109 apetenda
1053 2024 1189 2088 felicitas
1199 2021 1267 2086 veri
1280 2021 1405 2105 gaudii,

299 2147 373 2189 eum
389 2124 588 2208 quantalibet
602 2125 743 2209 dignitas
760 2127 866 2191 carnis
887 2135 1007 2193 nostrae
1023 2147 1091 2190 non
1109 2134 1238 2189 tanturn
1257 2124 1401 2189 calcabili

298 2228 373 2291 feno
388 2236 570 2311 comparatu
585 2226 781 2291 assimiletur
795 2230 982 2313 prophetica
995 2249 1083 2307 voce,
1095 2248 1208 2293 verum
1222 2226 1320 2291 etiam
1331 2226 1401 2310 ejus

299 2338 525 2394 momentaneo
542 2329 611 2395 flori
629 2352 693 2413 quo
712 2332 760 2393 nil
780 2332 815 2394 in
830 2332 1038 2397 universitate
1059 2353 1169 2395 rerum
1188 2330 1401 2393 materialium

299 2433 416 2497 visibili
441 2433 587 2517 fragilius
610 2444 666 2497 aut
689 2435 819 2499 labilius
843 2435 1025 2500 invenietur
1050 2434 1173 2499 baberi.
1216 2436 1300 2499 Cum
1326 2454 1402 2516 ergo

298 2536 344 2600 ita
366 2558 400 2602 se
422 2537 469 2601 rei
487 2537 656 2602 veritatem
680 2539 891 2623 proculdubio
920 2539 1042 2623 liqueat
1065 2537 1193 2617 habere,
1216 2532 1295 2602 adeo
1320 2537 1401 2621 proh

297 2641 398 2720 dolor,
412 2639 562 2706 bebetate
578 2641 695 2705 mentis
709 2642 903 2706 involvimur
916 2663 991 2706 ceca
1005 2641 1151 2724 ealigine,
1164 2647 1201 2704 ut
1215 2639 1289 2704 odio
1303 2639 1404 2722 digna

298 2742 447 2828 amplecti
465 2743 588 2808 solicite
608 2744 804 2825 studeamus,
827 2753 861 2809 et
884 2766 957 2828 qnae
976 2743 1139 2826 diligenda
1157 2743 1273 2807 merito
1296 2742 1403 2805 forent

297 2847 430 2911 omnino
454 2847 590 2910 vitemus
616 2856 649 2910 et
672 2856 913 2932 postponamus,
937 2846 1016 2910 dum
1045 2843 1254 2929 relinquenda
1279 2846 1404 2929 jugiter

299 2958 409 3014 tencre
426 2949 691 3033 concupiscimus,
708 2958 741 3014 et
762 2949 803 3014 ad
821 2950 1069 3036 perpetuitatem
1089 2950 1215 3015 celestis
1232 2950 1345 3032 glorie,
1360 2951 1401 3013 sd

299 3073 395 3135 quam
417 3052 526 3116 divina
545 3051 763 3116 admonitione
778 3061 1025 3137 sanctorumque
1040 3062 1170 3137 patrum
1184 3053 1296 3118 crebra
1309 3053 1402 3116 insti·

298 3155 424 3220 tutione
447 3154 623 3218 invitamur
637 3155 764 3235 cotidie,
780 3155 902 3220 nidlius
923 3157 1041 3221 affectu
1057 3157 1206 3221 desiderii
1224 3157 1403 3239 satagimus

299 3257 436 3322 anelare.
481 3258 523 3320 In
537 3256 629 3340 cujus
646 3258 693 3320 rei
717 3258 799 3322 serie
822 3258 851 3321 si
873 3258 946 3342 quis
967 3259 1106 3323 voluerit
1130 3259 1306 3343 perspicaci
1327 3258 1402 3323 dili-

298 3361 412 3444 gencia
433 3359 694 3438 animadvertere,
710 3361 948 3444 quamplurima
969 3361 1062 3426 nobis
1083 3362 1257 3446 comperiet
1272 3362 1404 3427 adversa

300 3463 398 3545 digne
423 3462 600 3546 pervenire,
622 3462 702 3526 dum
726 3463 845 3527 irretiti
870 3463 1057 3528 transitoria
1078 3485 1196 3549 pompa
1219 3465 1404 3530 ambitionis

299 3566 460 3630 mundane
475 3565 615 3630 salubria
627 3559 808 3630 animarum
823 3575 1007 3631 nostrarum
1021 3567 1163 3632 remedio
1177 3574 1210 3630 et
1226 3567 1401 3631 utilitatem

298 3668 518 3754 praesumimus
542 3668 642 3732 vitare
665 3676 698 3733 et
721 3669 843 3753 lugere,
868 3669 1043 3753 ponderose
1067 3690 1268 3754 usquequam
1296 3669 1404 3734 carnis

299 3772 440 3857 superati
458 3771 539 3855 prob
559 3771 698 3855 nephas!
722 3771 917 3855 flagilitate5
940 3771 994 3836 sed
1014 3774 1110 3857 juxta
1130 3773 1219 3837 vocis
1232 3772 1403 3836 Dominioe

299 3874 540 3939 testimonium:
569 3875 642 3938 “In
659 3895 724 3959 quo
744 3875 831 3939 valet
854 3875 1007 3959 prolicere
1030 3875 1147 3959 aliquis
1162 3875 1331 3940 bominum
1350 3875 1402 3938 lu-

298 3986 405 4043 crator
426 3977 647 4042 universarum
669 3976 907 4040 mundanarum
929 3998 1048 4056 rerum,
1064 3979 1092 4040 si
1109 3977 1280 4061 eontigerit
1295 3977 1403 4046 anime

299 4103 356 4146 sue
370 4080 438 4164 pati
457 4079 593 4143 mortale
616 4079 882 4142 detrimentum.''
928 4079 1116 4146 Quinetiam
1134 4079 1296 4163 expediret
1310 4079 1403 4143 valde

299 4183 448 4247 meditari
477 4181 599 4266 jugiter
624 4188 657 4244 et
682 4181 822 4246 recolere
845 4182 943 4245 verba
965 4183 1198 4247 exhortationis
1220 4183 1403 4261 Dominice,

300 4284 417 4369 quibus
440 4283 709 4348 conscientiarum
731 4285 824 4347 testis
849 4285 917 4367 ipse
938 4285 1198 4348 convertentibus
1220 4283 1261 4347 ad
1278 4307 1352 4348 eum
1367 4306 1402 4348 se

300 4386 459 4472 promittit
484 4386 736 4469 appropinquare
760 4395 793 4450 et
818 4409 885 4450 non
914 4386 1033 4465 deesse,
1059 4387 1272 4451 interminans
1297 4387 1337 4450 ab
1362 4408 1402 4451 eo
