3234 5125
489 418 809 476 MISCELLANEOUS
829 423 1043 478 OHARTERS.
1272 425 1323 478 441

220 588 485 672 Benningewrde,
501 581 585 671 ques
601 589 737 654 debebat
759 590 858 654 abbas
875 599 984 654 tenere
1007 591 1046 654 de
1064 592 1222 675 episcopo,
1242 591 1325 655 sicut

219 692 274 756 alii
288 691 409 756 feudati
430 693 571 757 ecclesiae
590 693 630 757 ad
648 715 744 758 omne
759 694 905 757 debitum
925 693 1091 758 servitium
1106 694 1190 778 regis
1207 704 1241 758 et
1260 695 1326 778 epi·

221 795 308 880 scopi
331 796 432 860 bbere
456 803 579 860 tenent.
625 798 676 860 De
695 796 757 860 hac
780 817 815 860 re
836 797 899 860 fuit
919 818 1038 880 magna
1058 796 1224 861 contentio
1239 796 1325 860 inter

220 898 404 982 episcopum
428 905 461 962 et
484 897 645 977 abbatem,
670 899 725 982 qui
749 899 847 963 abbas
872 899 930 963 diu
948 899 1100 963 resistens
1122 900 1242 983 injuste
1263 898 1324 963 hoc

221 999 418 1064 defendebat.
465 1000 519 1064 Ad
536 1002 688 1066 ultimum
710 1010 821 1066 tamen
837 1002 906 1067 haec
924 1024 1020 1067 causa
1034 1003 1188 1068 ventilata
1207 1011 1240 1066 et
1260 1002 1325 1066 dis·

220 1125 313 1168 cussa
326 1103 389 1167 fnit
402 1125 459 1188 per
470 1105 643 1188 justitiam,
660 1113 693 1169 et
706 1105 802 1170 breve
817 1113 851 1170 et
865 1115 1052 1189 preceptum
1066 1105 1150 1190 regis
1166 1105 1323 1169 Willelmi

221 1207 363 1285 senioris,
373 1207 459 1291 quod
474 1208 562 1272 misit
577 1207 617 1272 de
632 1208 846 1287 Normaunia,
855 1209 890 1271 in
905 1208 1067 1292 presentia
1081 1207 1224 1272 Gosfridi
1239 1209 1324 1272 Con-

220 1309 405 1374 stantiensis
420 1310 569 1395 episcopi,
585 1310 637 1374 cui
651 1332 707 1374 rex
722 1310 931 1376 mandaverat
945 1318 983 1375 ut
996 1311 1166 1376 interesset
1180 1309 1324 1395 predicto

220 1411 347 1496 placito,
375 1419 408 1476 et
433 1411 552 1477 faceret
574 1412 753 1478 discernere
778 1415 949 1478 veritatem
973 1413 1060 1493 inter
1084 1414 1268 1498 episcopum
1291 1420 1324 1477 et

221 1514 379 1593 abbatem,
395 1522 429 1579 et
450 1515 518 1579 fieri
538 1515 665 1600 plenam
681 1516 917 1581 rectitudinem.
962 1517 1108 1580 Ventum
1127 1524 1176 1580 est
1197 1517 1232 1580 in
1249 1538 1324 1581 cau·

182 1613 185 1620 ’
221 1639 299 1681 sam.
344 1619 530 1682 Conventus
548 1641 684 1702 magnus
703 1619 805 1684 lactus
821 1619 922 1683 estin
935 1619 1131 1684 Wirecestra
1145 1619 1323 1683 vicinorum

222 1721 435 1786 comitatuum
454 1728 487 1786 et
516 1721 674 1786 baronum
703 1729 779 1786 ante
800 1722 988 1787 Gosbidum
1011 1722 1205 1806 episcopum.
1249 1721 1324 1786 Dis-

220 1845 313 1888 cussa
336 1832 386 1889 est
410 1846 479 1903 res;
506 1825 591 1889 lacta
614 1833 663 1890 est
686 1824 869 1908 supradicta
893 1824 1080 1888 reclamatio
1108 1824 1161 1890 W.
1184 1824 1323 1908 episcopi

221 1949 316 2011 super
339 1927 497 1992 abbatem.
550 1928 660 1992 Abbas
685 1927 768 1992 banc
795 1927 947 2006 defendit,
970 1927 1137 2011 episcopus
1162 1927 1324 2010 legitimos

220 2039 320 2094 testes
339 2031 415 2094 inde
434 2031 628 2109 reclamavit,
645 2030 700 2115 qui
720 2038 866 2114 tempore
880 2031 965 2114 regis
985 2030 1136 2094 Edwardi
1154 2030 1216 2096 boc
1236 2029 1323 2093 vide·

220 2143 305 2212 rant,
321 2143 353 2199 et
373 2135 516 2219 predicta
535 2135 665 2200 servitia
679 2133 720 2197 ad
734 2155 816 2217 opus
830 2133 971 2217 episcopi
985 2140 1200 2217 susceperant.
1240 2133 1324 2197 'Pan-

222 2238 296 2301 dem
314 2259 352 2302 ex
370 2245 519 2322 precepto
530 2238 667 2322 justitias
682 2238 779 2321 regis,
795 2245 829 2300 et
844 2237 972 2301 decreto
992 2237 1160 2316 baronum,
1174 2237 1258 2300 itum
1275 2245 1324 2300 est

223 2340 263 2404 ad
282 2339 455 2424 juditium:
478 2341 603 2425 etquis
619 2340 716 2404 abbas
732 2339 825 2418 dixit,
841 2361 877 2403 se
895 2345 995 2405 testes
1014 2347 1126 2404 oontm
1140 2339 1324 2424 episcopum

220 2465 285 2508 non
311 2443 438 2523 babere,
459 2443 640 2528 judicatum
664 2450 715 2507 est
741 2442 781 2507 ab
803 2441 1023 2527 optimatibus,
1047 2441 1133 2525 quod
1158 2442 1325 2526 episcopus

219 2554 317 2611 testes
343 2569 418 2612 suos
446 2547 637 2626 nominaret,
665 2554 699 2612 et
727 2545 779 2610 die
806 2544 983 2611 constituta
1002 2544 1183 2625 adduceret,
1209 2552 1243 2611 et
1268 2567 1326 2630 per

223 2659 460 2721 sacramentum
478 2650 565 2714 dicta
582 2650 724 2734 episcopi
741 2648 924 2733 probarent,
945 2657 979 2712 et
998 2648 1096 2712 abbas
1118 2669 1324 2732 quascunque

220 2753 316 2817 vellet
339 2753 489 2837 reliquias
515 2752 652 2816 afferret.
698 2752 896 2816 Concessum
926 2759 975 2815 est
1003 2750 1044 2814 ab
1067 2758 1201 2835 utraque
1222 2759 1322 2835 parte.

221 2856 321 2921 Venit
332 2856 401 2921 dies
415 2864 546 2920 statuta.
591 2854 693 2918 Venit
707 2854 876 2938 episcopus
886 2854 939 2916 W.
953 2860 986 2917 et
1000 2852 1098 2917 abbas
1107 2853 1282 2933 Waltems,
1292 2863 1325 2918 et

220 2981 259 3025 ex
284 2968 434 3044 precepto
457 2958 601 3025 Gosfridi
623 2957 765 3041 episcopi
776 2982 786 3035 3
810 2956 972 3021 affluerunt
993 2955 1128 3019 barones
1147 2956 1201 3039 qui
1223 2956 1322 3020 inter·

224 3063 351 3127 buerant
377 3063 477 3146 priori
502 3061 622 3145 placito
648 3068 681 3123 et
701 3059 831 3144 juditio.
881 3059 1004 3124 Attulit
1026 3058 1124 3123 abbas
1147 3058 1321 3143 relliquias,

221 3166 342 3230 scilicet
360 3187 475 3249 corpus
492 3163 603 3228 Sancti
618 3162 792 3247 Ecguuini.
839 3161 891 3226 Ibi
912 3162 1072 3225 affuerunt
1090 3168 1236 3245 exparte
1255 3162 1322 3245 epi·

220 3269 308 3354 scopi
336 3267 515 3353 probabiles
546 3286 701 3351 personae,
730 3272 850 3350 paratae
878 3264 982 3328 facere
1011 3263 1191 3346 predictum
1219 3284 1322 3328 sacra·

220 3382 376 3453 mentum,
392 3393 527 3455 quarum
551 3391 636 3433 unus
659 3369 723 3433 fuit
743 3367 890 3446 Edricus,
911 3367 967 3450 qui
984 3366 1055 3444 fuit,
1076 3374 1221 3449 tempore
1238 3366 1324 3449 regis

220 3477 380 3554 Edwardi,
397 3482 600 3539 stermannus
615 3473 707 3537 navis
721 3470 872 3556 episcopi,
888 3479 922 3534 et
936 3470 1051 3534 ductor
1065 3469 1221 3534 exercitus
1238 3470 1321 3553 ejus-

220 3581 293 3645 dem
309 3578 448 3664 episcopi
471 3577 510 3641 ad
529 3576 695 3641 servitium
709 3574 794 3658 regis
803 3599 814 3653 ;
837 3582 870 3638 et
892 3573 945 3638 bic
964 3580 1033 3636 erat
1050 3571 1147 3636 homo
1166 3570 1323 3636 Rodberti

222 3681 467 3748 Herefordensis
489 3679 638 3763 episcopi,
665 3698 703 3741 ea
720 3678 772 3741 die
793 3698 857 3761 qua
879 3683 1114 3740 sacramentum
1137 3674 1266 3758 optulit,
1289 3683 1322 3739 et

219 3784 321 3851 nichil
335 3784 375 3848 de
390 3784 537 3868 episcopo
546 3783 600 3845 W.
617 3780 757 3845 tenebat.
793 3779 899 3843 Affuit
914 3779 1012 3843 etiam
1028 3777 1250 3856 Kincwsrdus,
1266 3776 1321 3860 qui

220 3890 282 3953 fuit
302 3889 477 3951 vicecomes
499 3883 785 3961 Wirccestresoire,
810 3881 866 3964 qui
889 3881 949 3945 hoc
970 3880 1061 3959 vidit,
1082 3886 1115 3944 et
1136 3878 1198 3942 hoc
1221 3886 1320 3942 testa·

218 3993 324 4056 batur.
371 3990 476 4055 Affuit
491 3988 589 4065 etiam
606 3985 768 4050 Siwardus
783 3985 873 4049 dives
891 3983 990 4047 bomo
1012 3981 1052 4046 de
1070 3983 1272 4065 Scropscyre,
1288 3989 1322 4045 et

220 4092 384 4160 Osbernus
399 4092 483 4156 filius
500 4089 641 4169 Ricardi,
657 4096 691 4153 et
706 4087 838 4153 Turcbil
853 4087 893 4151 de
908 4084 1168 4168 Wsrewicscyre,
1179 4089 1212 4147 et
1226 4083 1321 4147 multi

220 4198 273 4261 alii
299 4196 439 4262 seniores
462 4204 495 4259 et
516 4193 651 4272 nobiles,
676 4213 813 4276 quorum
837 4191 941 4274 major
962 4210 1035 4272 pars
1052 4187 1121 4271 jam
1145 4185 1319 4251 dormiunt.

218 4300 321 4365 Multi
341 4307 449 4363 autem
472 4298 575 4362 adhuc
601 4295 787 4380 superstites
806 4301 893 4371 sunt,
917 4292 972 4375 qui
994 4291 1067 4354 illos
1089 4289 1270 4369 audierunt,
1289 4298 1322 4354 et

218 4404 322 4469 adbuc
348 4402 444 4466 mirlti
458 4400 507 4464 de
534 4408 677 4482 tempore
701 4397 786 4479 regis
806 4394 962 4458 Willelmi
991 4393 1077 4456 idem
1101 4393 1319 4458 testificantes.
