3234 5125
483 415 804 472 MISOELLANEOUS
824 415 1039 470 CHARTERS.
1265 413 1317 465 381

349 641 473 696 sKING
491 642 692 696 EADWARD
711 641 789 695 THE
809 641 1035 696 CONFESSOR.
1072 640 1173 695 Mnx.

256 780 292 864 Ξ
334 791 376 853 In
408 797 559 853 onomate
591 789 711 852 summi
739 789 867 874 Kyriou
899 788 1009 872 omnip
1037 788 1113 871 jura
1144 809 1318 870 regnorum

209 891 429 976 gubernantis,
446 900 479 955 et
502 891 543 955 ab
570 892 635 954 alto
655 891 715 979 celi
736 892 868 975 fastigio
894 900 1010 955 cuncta
1032 891 1201 955 cernentis.
1246 891 1318 972 Ego

210 995 420 1059 AEadwardus
434 995 536 1058 totius
545 994 694 1058 Albionis
709 994 772 1058 Dei
783 995 971 1059 moderante
987 994 1219 1077 gubernatione
1234 993 1318 1057 basi-

208 1099 287 1178 leus,
304 1097 559 1182 archiepiscopis,
576 1097 740 1181 episcopis,
757 1097 937 1176 abbatibus,
954 1097 1157 1176 centenariis,
1178 1097 1318 1162 cunctis-

209 1223 271 1284 que
298 1208 417 1264 sanctae
441 1199 589 1264 fidelibus
616 1201 766 1265 aecclesiae
790 1201 914 1265 clericis
938 1209 971 1264 et
996 1200 1097 1278 laicis,
1123 1200 1254 1284 insuper
1283 1208 1316 1264 et

209 1304 359 1369 omnibus
370 1312 442 1388 post
453 1325 505 1366 me
520 1302 638 1370 futuris
652 1303 793 1386 regibus,
804 1303 952 1382 salutem,
962 1313 1214 1387 perpetuamque
1228 1305 1317 1388 pacis

109 1473 112 1482 ,
163 1453 170 1466 .
208 1407 406 1472 felicitatem.
439 1409 612 1470 Summum
623 1405 753 1489 regibus
769 1429 805 1470 ac
815 1407 1014 1491 principibus
1023 1408 1145 1471 bonum
1160 1416 1209 1472 est
1220 1408 1318 1492 justi-

210 1511 295 1574 ciam
310 1511 372 1575 Dei
383 1510 499 1588 colere,
512 1519 657 1573 sanctam
672 1510 846 1573 aecclesiam
862 1511 933 1594 ejus
947 1511 1087 1574 exaltare
1102 1519 1135 1573 et
1149 1510 1318 1589 honorare,

210 1615 285 1696 quia
304 1613 358 1697 qui
383 1634 454 1676 eam
478 1612 622 1676 exaltant
640 1621 674 1675 et
691 1612 862 1691 honorant,
879 1633 954 1676 cum
976 1634 1024 1691 en,
1041 1622 1073 1676 et
1093 1613 1129 1675 in
1150 1635 1198 1692 ea,
1214 1621 1247 1677 et
1261 1635 1319 1695 per

209 1738 290 1795 eam,
309 1717 493 1780 exaltantur
518 1723 551 1778 et
577 1714 787 1778 honorantur.
833 1715 984 1779 Prevenit
1002 1736 1057 1779 cor
1081 1737 1191 1778 meum
1214 1715 1319 1798 gratia

210 1818 283 1897 Dei,
298 1827 336 1881 ut
351 1818 438 1902 qnod
453 1817 492 1881 ab
509 1816 762 1881 antecessoribus
777 1817 858 1881 meis
872 1817 1002 1900 regibus
1016 1819 1169 1882 collatum
1184 1826 1233 1881 est
1248 1819 1317 1902 ejus

136 1943 137 1946 ¹
210 1921 369 1999 aecclesire,
386 1942 458 1983 mea
478 1919 624 1982 firmetur
640 1920 840 1984 auctoritate.
886 1919 1046 1984 AEcclesia
1062 1941 1202 2012 namque
1216 1919 1318 1984 beatoe

210 2025 272 2088 Dei
296 2023 460 2108 genitricis
486 2042 673 2104 semperque
696 2022 830 2105 virginis
855 2022 983 2100 Mariae,
1013 2023 1187 2105 Sanctique
1211 2024 1316 2086 Bene·

206 2127 295 2205 dicti,
311 2127 520 2208 omniumque
534 2131 718 2188 sanctarum
733 2124 906 2208 virginum,
922 2147 995 2208 quae
1008 2126 1176 2188 Rameseie
1191 2146 1315 2188 nuncu-

210 2239 313 2313 patur,
325 2253 396 2314 quae
407 2229 495 2307 olim,
505 2228 540 2290 id
549 2236 597 2292 est
606 2236 750 2312 tempore
760 2229 1046 2311 praecellentissimi
1056 2229 1141 2311 regis
1150 2228 1316 2312 AEadgari,

210 2357 228 2397 a
248 2334 387 2418 quodam
402 2333 522 2416 insigni
542 2332 611 2396 viro
627 2331 776 2396 AEilwino
798 2339 959 2410 onomate,
975 2339 1088 2416 utpote
1111 2332 1145 2394 in
1172 2332 1316 2416 ejusdem

207 2438 292 2521 regis
312 2436 443 2520 gloriosi
465 2435 696 2499 munificentia
714 2434 854 2514 kartula,
871 2435 1105 2518 quamihidem
1129 2434 1313 2513 donaverat,

208 2541 293 2621 data,
310 2562 346 2605 ac
364 2539 469 2624 sigillo
487 2538 575 2621 regio
594 2539 793 2618 confirmata,
812 2537 940 2621 legitur,
957 2536 1177 2622 almipotentis
1192 2537 1316 2602 Christi

209 2644 387 2709 mirabilius
418 2650 609 2726 cooperante
642 2642 756 2725 gratia,
784 2650 834 2705 est
863 2648 1058 2719 constructa,
1088 2662 1126 2704 ac
1154 2649 1314 2705 terrarum

210 2747 344 2831 copiosis
359 2746 461 2835 ditata
476 2744 682 2821 muneribus,
706 2744 864 2827 imprimis
887 2765 959 2807 enm
980 2743 1027 2806 ita
1045 2743 1181 2807 liberam
1196 2752 1229 2807 et
1243 2744 1315 2827 qui·

209 2860 305 2931 etam,
322 2858 389 2915 tam
407 2850 447 2913 ab
462 2848 551 2913 omni
567 2847 733 2911 exactione
748 2847 919 2930 episcopali
935 2868 1031 2930 quam
1052 2868 1072 2909 a
1086 2846 1231 2910 saeculari
1246 2867 1315 2911 esse

210 2956 292 3035 volo,
308 2964 346 3019 ut
369 2974 474 3037 neque
496 2972 685 3035 nosceque
709 2971 905 3015 successores
926 2950 1040 3028 nostri,
1055 2970 1160 3032 neque
1179 2949 1316 3033 quilibet

208 3058 384 3142 episcopus,
411 3077 471 3120 nec
497 3054 679 3139 quicunque
708 3053 748 3117 de
773 3053 945 3137 judiciaria
967 3061 1127 3137 potestate
1150 3053 1185 3117 in
1210 3053 1317 3137 ipsam

209 3169 352 3225 sanctam
367 3160 543 3236 basilicam,
561 3158 612 3221 vel
633 3157 669 3220 in
685 3166 854 3221 manentes
876 3157 911 3221 in
936 3158 1016 3241 ipsa,
1031 3158 1081 3223 vel
1104 3160 1139 3221 in
1162 3158 1311 3223 homines

211 3264 266 3347 qui
288 3283 363 3327 cum
384 3263 452 3329 suis
467 3260 570 3335 terris,
587 3260 638 3324 vel
652 3260 928 3343 qualibuscunque
942 3260 1141 3340 substantiis,
1158 3262 1198 3325 ad
1211 3261 1314 3346 ipsam

208 3366 333 3429 madere
347 3365 398 3429 vel
412 3364 564 3429 devovere
579 3384 614 3429 se
628 3363 797 3441 voluerint,
814 3363 877 3427 nisi
897 3385 954 3447 per
967 3364 1169 3428 voluntatem
1186 3364 1312 3428 abbatis

208 3477 241 3533 et
255 3468 402 3531 omnium
420 3488 552 3530 suorum
572 3466 816 3545 monachorum,
831 3466 932 3530 ullam
948 3488 1090 3549 unquam
1104 3450 1245 3530 habeant
1259 3488 1317 3550 po·

206 3579 375 3647 testatem3
398 3568 454 3633 sed
469 3570 511 3634 sit
525 3570 595 3633 haec
606 3577 718 3634 sancta
731 3578 837 3633 mater
851 3570 995 3633 aecolesia
1006 3570 1162 3653 ‘specialis
1177 3571 1315 3635 dominre

208 3682 328 3739 nostrae
356 3684 518 3757 perpetuae
542 3671 676 3754 virginis
702 3672 829 3751 Mariae,
857 3694 895 3735 ac
919 3672 1048 3755 patroni
1071 3674 1175 3736 nostri
1202 3674 1315 3737 Sancti

208 3772 386 3855 Benedicti,
403 3784 436 3840 et
450 3776 596 3839 omnium
619 3782 802 3839 sanctarum
817 3776 989 3859 virginum,
1004 3776 1106 3839 libera
1120 3786 1153 3841 et
1168 3777 1317 3841 absoluta

209 3882 248 3946 ab
264 3880 352 3946 omni
375 3878 539 3942 invasione
554 3878 604 3941 vel
625 3878 848 3961 inquictudine
863 3880 1009 3942 omnium
1024 3879 1192 3942 hominum
1208 3880 1315 3964 cujus-

207 4005 333 4068 cunque
353 3982 475 4047 ordinis
485 3981 534 4045 vel
549 3980 718 4064 potestatis
734 4002 802 4045 esse
818 3982 996 4046 videantur.
1035 3983 1196 4045 Praeterea
1209 3982 1315 4065 inper-

210 4094 344 4169 petuum
373 4083 539 4160 consume,
563 4089 601 4145 ut
624 4082 774 4146 monachi
806 4084 949 4166 ejusdem
980 4082 1130 4146 aecclesia
1159 4103 1216 4165 per
1245 4105 1316 4147 suc·

208 4188 375 4266 cessiones,
392 4184 567 4250 secundum
589 4186 734 4267 regulam
758 4186 869 4249 Sancti
890 4185 1069 4263 Benedicti,
1085 4184 1203 4267 eligere
1222 4207 1261 4250 ex
1281 4208 1315 4250 se

207 4292 340 4355 idoneos
356 4290 487 4353 abbates
503 4288 643 4352 habeant
658 4296 870 4371 potestatem3
890 4297 923 4352 et
938 4289 1081 4372 quisquis
1096 4289 1313 4371 fugitivorum,

208 4395 247 4458 de
265 4414 456 4478 quocunque
480 4393 561 4470 loce,
578 4415 636 4476 pro
660 4414 850 4476 quacunque
874 4414 980 4471 causa,
997 4394 1215 4476 cujuscunque
1239 4414 1313 4457 con·
