3234 5125
481 445 799 502 weormundus
819 446 1031 503 CHARTERS.
1255 448 1310 501 867

206 615 279 700 quis
304 616 366 682 hoc
389 624 620 681 testamentum
649 618 809 701 privilegii
832 618 991 682 affirmare
1015 625 1089 700 post
1111 638 1221 681 meum
1243 616 1310 681 vite

207 720 389 799 transitum,
406 728 440 784 et
459 720 546 785 bona
566 720 699 784 ecclesie
719 742 836 803 augere
852 720 975 785 tuendo
989 720 1136 798 voluerit,
1152 719 1312 803 adaugeat

206 822 421 905 Omnipotens
440 823 530 887 Deus
550 823 620 887 dies
643 822 719 887 vitae
744 825 824 906 ejus,
839 831 937 906 atque
962 823 1177 907 centuplicato
1201 822 1311 885 fructu

205 945 292 988 nono
314 926 440 989 decimo
462 932 594 989 coronet
611 946 686 989 eum
704 934 817 989 eterno
837 925 970 1008 praemio
983 926 1019 989 in
1033 925 1152 1007 gaudio
1169 925 1310 988 ethereo.

207 1028 244 1089 Si
259 1034 378 1105 autem,
392 1028 479 1109 quod
495 1027 588 1105 absit,
600 1026 716 1109 aliquis
731 1027 922 1110 compilator
935 1027 1066 1106 fraudis,
1082 1027 1134 1091 vel
1148 1026 1312 1091 cavillator

205 1129 352 1207 fautoris,
368 1150 450 1193 nevo
465 1130 633 1193 semitatus
648 1129 757 1212 inique
772 1129 942 1214 cupidinis,
957 1130 1042 1194 hanc
1056 1129 1239 1193 cautionem
1254 1150 1312 1192 seu

118 1242 119 1249 ’
205 1232 371 1295 decretum
394 1230 493 1315 hujus
513 1232 653 1315 episcopi
677 1232 852 1295 destituere
871 1239 928 1295 aut
941 1239 1125 1314 permutare
1144 1239 1310 1313 contemp·

204 1333 313 1397 nendo
335 1334 574 1418 presumpserit,
590 1334 640 1397 vel
655 1333 799 1416 ejusdem
819 1333 967 1397 minuere
986 1341 1019 1397 et
1033 1333 1222 1396 subtrahere
1236 1332 1311 1396 sub·

205 1437 362 1500 stanciam
377 1436 593 1519 temptaverit,
602 1436 722 1499 eternis
732 1435 935 1518 mancipatus
949 1435 1083 1498 habenis
1094 1456 1168 1498 cum
1183 1434 1311 1498 diabolo
1425 1438 1428 1442 ’

205 1539 339 1622 ejusque
361 1538 529 1616 ministris,
546 1538 589 1600 sit
613 1545 778 1620 separatus
802 1559 822 1600 a
841 1537 973 1601 Christo
993 1536 1159 1621 ipsiusque
1180 1537 1309 1615 sanctis,

205 1640 476 1725 dissegregatione
495 1647 649 1723 perpetue
671 1640 887 1703 anathematis
908 1642 975 1703 fiat.
1019 1642 1118 1703 Anno
1139 1639 1240 1722 igitur
1261 1640 1310 1702 in-

205 1744 405 1809 carnacionis
437 1742 619 1807 Dominicae
647 1746 747 1820 ΜΝ,
782 1742 966 1806 Indictione
995 1742 1103 1819 tertia,
1126 1742 1311 1825 Epacteque

206 1867 291 1925 xxv„
315 1854 347 1910 et
370 1847 608 1911 concurrentes
622 1864 696 1922 vn„
714 1843 774 1907 hec
800 1844 908 1908 cantio
935 1843 1056 1926 scripta
1076 1851 1126 1907 est
1151 1842 1311 1907 edictione

206 1950 307 2014 solida
321 1950 522 2013 karcctcrata
536 1946 764 2025 karecteribus,
780 1947 916 2009 testium
926 1946 1064 2029 jubente
1077 1946 1222 2030 piissimo
1235 1968 1310 2029 rege

205 2051 389 2134 Anglorum
404 2049 583 2114 Eadwardo
607 2050 807 2133 gubernante
829 2049 941 2112 ecdem
960 2049 1097 2113 feliciter
1114 2049 1219 2113 tocius
1239 2070 1309 2113 mo·

206 2154 373 2219 narchiam
389 2154 521 2236 majoris
537 2151 716 2217 Britannis.

249 2259 320 2339 Ego
330 2256 526 2320 Eadwardus
541 2277 597 2319 rex
611 2255 673 2319 hoc
688 2255 810 2323 donum
826 2254 975 2318 cautione
988 2254 1050 2319 hac
1061 2256 1195 2321 affirm0.
1239 2258 1311 2339 Ego

205 2360 366 2423 Eadsinus
402 2359 657 2442 archiepiscopus
689 2357 812 2421 Christi
843 2357 975 2421 ecclesie
1005 2379 1105 2421 mann
1133 2380 1206 2423 mea
1234 2360 1309 2423 sub.

205 2462 327 2546 scripsi.
388 2464 459 2545 Ego
486 2461 632 2524 Elaricus
657 2460 913 2543 archiepiscopus
938 2460 1152 2524 Eboracensis
1180 2462 1312 2526 ecclesie

205 2565 401 2630 confirmavi.
462 2566 533 2647 Ego
554 2562 730 2646 Stigandus
748 2561 915 2646 episcopus
938 2563 1074 2645 dignum
1092 2563 1179 2626 duxi.
1238 2567 1310 2646 Ego

207 2668 406 2732 Herimanus
420 2668 587 2750 episcopus
602 2665 813 2729 corroboravi.
858 2666 930 2747 Ego
946 2664 1129 2728 Rodbertus
1144 2665 1310 2749 episcopus

204 2771 297 2836 testis
326 2771 383 2834 fui.
461 2771 533 2852 Ego
561 2768 740 2833 Ealdredus
770 2768 938 2850 episcopus
966 2767 1172 2832 consolidavi.
1238 2769 1310 2851 Ego

205 2873 340 2937 Doduca
354 2873 521 2956 episcopus
536 2871 693 2936 consensi.
738 2871 811 2953 Ego
820 2870 998 2934 Godwinus
1012 2870 1088 2932 dux.
1132 2871 1204 2954 Ego
1213 2871 1309 2936 neof-

205 2976 290 3041 ricus
305 2975 381 3038 dux.
438 2975 510 3057 Ego
526 2972 687 3036 Siwerdus
701 2971 776 3035 dux.
836 2972 908 3055 Ego
924 2971 1087 3035 Haraldus
1108 2973 1184 3037 dux.
1237 2975 1309 3057 Ego

207 3077 365 3142 liedulfus
382 3075 458 3140 dux.
512 3077 584 3158 Ego
601 3074 692 3138 'l'osti
707 3073 834 3138 nobilis.
883 3077 957 3156 Ego
971 3075 1191 3156 AEgelwerdus
1210 3075 1320 3165 abbas¹

205 3180 323 3264 adjuvi.
366 3180 438 3262 Ego
454 3178 612 3242 AElwinus
628 3176 726 3240 abbas
742 3177 898 3240 consensi.
943 3177 1191 3259 EgoLintricus
1211 3178 1309 3243 abbas

205 3283 336 3346 assensi.
380 3282 452 3363 Ego
468 3278 676 3344 Reeinbaldus
690 3277 849 3361 presbiter
864 3278 1094 3342 commendavi.
1140 3281 1211 3364 Ego
1220 3281 1308 3346 God-

204 3385 306 3448 winus
321 3383 479 3468 presbiter
490 3381 637 3464 aspiravi.
682 3382 754 3464 Ego
765 3381 978 3446 Godmannus
991 3381 1151 3464 presbiter
1164 3383 1307 3449 interfui.

205 3489 276 3570 Ego
299 3489 414 3552 Petrus
443 3483 598 3568 presbiter
627 3483 766 3546 laudavi.
834 3485 905 3566 Ego
926 3483 1020 3549 Odda
1042 3484 1169 3550 nobilis.
1236 3487 1308 3568 Ego

206 3589 428 3674 Rymhtrucus
443 3585 571 3650 nobilis.
609 3586 681 3668 Ego
689 3585 858 3650 Ordsanus
869 3585 1027 3650 minister.
1065 3588 1137 3670 Ego
1146 3587 1309 3653 Celericns
1441 3616 1445 3622 ·

205 3691 363 3756 minister.
407 3691 480 3772 Ego
495 3687 639 3751 Touinus
657 3687 816 3752 minister.
861 3689 933 3772 Ego
949 3688 1139 3772 Radulphus
1150 3689 1309 3755 minister.

206 3792 403 3876 EgoDodda
417 3791 576 3854 minister.
620 3790 860 3872 EgoEadulfirs
871 3790 1028 3854 minister.
1074 3791 1145 3874 Ego
1154 3791 1308 3857 Ordulfus

206 3897 363 3983 minister.
408 3895 479 3977 Ego
497 3891 655 3975 Ecgulfirs
677 3892 834 3956 minister.
878 3894 950 3974 Ego
969 3891 1129 3976 Eabpisus
1149 3893 1308 3959 minister.

204 4001 276 4082 Ego
291 3996 488 4082 Celfpendus
503 3995 661 4058 minister.

248 4103 288 4164 In
303 4101 406 4164 dorsa
430 4098 490 4162 Dis
504 4098 533 4160 is
549 4096 688 4162 selreols
703 4105 738 4160 to
821 4097 899 4160 This
914 4097 942 4159 is
960 4096 1015 4160 the
1033 4096 1177 4160 freedom
1195 4103 1231 4161 to
1253 4098 1308 4163 the

205 4206 277 4289 bam
302 4202 401 4266 brice
426 4222 469 4264 on
492 4199 735 4264 Defenanscirc·
778 4199 939 4284 bishopric
962 4199 999 4262 of
1021 4199 1221 4262 Devonshire
1245 4201 1309 4264 and

204 4327 222 4387 'J
265 4327 309 4370 on
331 4305 468 4370 Wealan
492 4305 536 4367 ’de
562 4301 738 4365 Eadweard
778 4301 899 4381 Wales‚
923 4301 1027 4366 which
1049 4300 1131 4382 king
1153 4300 1309 4364 Eadward

206 4409 343 4494 cyningc
367 4408 496 4488 dihte]
521 4411 645 4488 gesette
672 4405 738 4467 mid
780 4403 951 4486 appointed
1000 4403 1062 4466 and
1117 4403 1309 4473 established
