3234 5125
592 436 893 494 MANUMISSIONS.
1240 444 1292 497 ott

229 611 269 689 ›1‹
288 609 361 672 Hec
375 617 453 673 sunt
467 608 600 673 nomina
614 608 786 673 mulierum
803 632 882 693 quas
901 610 1049 675 liberavit
1064 612 1202 677 Wulfsie
1224 615 1289 697 epi-

183 732 299 795 scopus
322 719 356 775 et
378 711 487 777 elerici
513 712 625 775 Sancti
646 712 792 776 Petroci:
821 714 972 793 Proscen,
996 715 1173 793 Wuenccn,
1198 716 1288 780 Onn-

183 834 268 893 cum,
294 816 423 893 Illcum,
448 837 544 899 super
570 817 672 880 altare
697 816 810 880 Sancti
835 816 971 895 Petroci,
995 838 1103 882 coram
1130 820 1200 883 istis
1222 828 1287 883 tes-

181 916 286 981 tibus:
310 919 448 1003 Byrhsie
471 918 640 1002 presbiter,
661 918 736 984 Riol
760 919 923 999 diaconus,
945 921 1107 985 Morhado
1126 922 1286 1002 diaconus,

182 1020 335 1084 1111111111
350 1022 494 1087 clericus.

226 1126 266 1204 ›1‹
285 1124 358 1187 Hoc
378 1132 427 1189 est
446 1144 568 1189 nomen
585 1124 672 1188 illius
692 1124 838 1190 mulieris
853 1125 1074 1190 Wencenedel
1091 1148 1187 1211 quam
1206 1128 1286 1192 libe-

179 1226 262 1288 ravit
278 1225 404 1310 Ordgar
418 1228 493 1305 dux,
508 1248 567 1311 pro
582 1228 691 1290 11111111
709 1248 777 1306 sue,
792 1248 890 1310 super
905 1228 1005 1291 altare
1021 1228 1148 1292 Petroci
1165 1231 1285 1309 Sancti,

180 1348 289 1391 eorem
302 1328 374 1392 istis
388 1330 544 1394 testibus:
567 1329 728 1413 Wulfsige
744 1330 921 1413 episcopua,
938 1330 1101 1395 Leumarh
1116 1332 1284 1414 presbiter,

180 1430 308 1493 Grifiue
323 1431 490 1515 presbiter,
506 1425 682 1496 Morhaido
697 1431 860 1496 diaeonus.

225 1537 265 1615 ›1‹
283 1535 357 1599 Hoc
381 1543 430 1599 est
455 1556 575 1600 nomen
592 1534 680 1599 illius
699 1535 841 1598 hominis
861 1534 956 1621 Iliup,
976 1555 1051 1598 cum
1071 1536 1193 1600 semine
1215 1559 1282 1613 suo,

180 1656 276 1718 quem
299 1635 448 1701 liberavit
469 1637 631 1725 AEPelraed
648 1659 715 1716 rex,
736 1659 832 1722 super
850 1638 951 1703 111111
974 1638 1095 1701 Sancti·
1111 1638 1283 1723 [Petroni],

178 1759 286 1802 coram
305 1738 377 1802 istis
396 1739 550 1804 testibus:
574 1740 755 1825 AEbelwerd
777 1740 843 1804 dux
865 1740 967 1818 testis,
990 1740 1087 1804 Osolf
1105 1742 1284 1825 prepositus

179 1841 281 1920 testis,
298 1843 449 1907 Mermen
464 1841 631 1927 prespiter,
648 1842 723 1907 Riol
737 1842 907 1928 prespiter,
924 1842 989 1907 Ret
1003 1841 1147 1923 clericus,
1165 1845 1283 1909 [recem

178 1944 323 2021 clericus,
340 1946 473 2031 Blepros
487 1945 633 2011 clericus.

222 2050 262 2128 ›1‹
280 2049 352 2112 Hoc
370 2056 421 2111 est
440 2069 560 2112 nomen
584 2047 678 2111 istius
695 2046 837 2111 hominis
860 2044 996 2133 Medfup
1016 2066 1113 2129 quem
1135 2046 1283 2110 liberavit

177 2149 258 2227 Iofa,
281 2171 339 2232 pro
368 2150 568 2215 redemtione
597 2150 713 2215 animae
732 2171 809 2227 suae,
837 2158 933 2233 super
953 2150 1053 2214 altare
1080 2151 1191 2213 Sancti
1222 2152 1282 2214 Pe·

176 2253 268 2331 troci,
299 2274 407 2317 coram
436 2253 507 2317 istis
535 2253 674 2319 testibus
699 2252 902 2317 videntibus:
934 2252 1084 2317 Tittherd
1113 2254 1280 2337 presbiter,

176 2355 336 2444 Abalberp
369 2356 536 2439 presbiter,
566 2355 682 2420 Budda
715 2355 883 2439 presbiter,
913 2355 1085 2440 Brytthael
1113 2358 1281 2440 presbiter,

176 2458 324 2542 Cenmyn
348 2458 521 2542 presbiter:
552 2458 599 2521 hii
624 2465 701 2521 sunt
729 2457 821 2521 laici:
845 2458 966 2542 11111011
989 2458 1074 2521 filius
1095 2459 1222 2537 111110,
1247 2470 1281 2523 11

177 2563 306 2645 Ungost
321 2561 436 2626 Cilifri.
480 2563 524 2626 Et
539 2563 732 2646 quicumque
746 2561 880 2644 fregerit
894 2561 978 2624 111110
991 2561 1187 2640 libertatem,
1204 2585 1278 2626 ans-

174 2664 285 2728 thema
298 2665 359 2741 sit;
384 2675 416 2729 et
432 2665 625 2748 quicumque
640 2663 838 2743 custodierit,
853 2663 1042 2728 benedictus
1056 2664 1108 2727 sit.

220 2769 292 2832 Η10
306 2779 383 2831 sunt
397 2768 529 2831 nomina
542 2767 671 2830 illarum
685 2765 878 2830 feminarum
890 2787 969 2850 quas
984 2766 1132 2831 liberavit
1146 2768 1277 2846 Ermen,

174 2892 232 2953 pro
252 2871 359 2934 anima
379 2871 492 2934 matris
511 2870 616 2934 illius:
640 2869 817 2952 Guenguiu
835 2877 868 2933 et
885 2867 1047 2947 Eliseued,
1065 2891 1160 2951 super
1178 2869 1277 2933 111111

175 2974 288 3037 Sancti
308 2974 447 3052 Petroci,
469 2995 577 3038 eoram
594 2973 667 3037 istis
688 2973 825 3036 testibus
842 2971 1045 3036 videntibus:
1070 2972 1169 3036 Osisn
1190 2993 1276 3055 pres-

173 3077 269 3154 biter,
285 3077 430 3142 Leucum
445 3077 590 3156 clericus,
607 3077 672 3140 Ret
688 3076 832 3140 clericus.

217 3185 257 3263 ›1‹
275 3181 349 3244 Hoc
363 3189 414 3244 est
428 3201 547 3244 nomen
561 3180 656 3244 istius
670 3179 811 3244 hominis
822 3178 981 3263 Teripian,
992 3200 1066 3243 cum
1076 3180 1198 3245 semine
1208 3200 1275 3258 suo,

172 3305 269 3366 quem
283 3283 431 3347 liberavit
440 3283 561 3347 ordulf
571 3284 657 3347 filius
667 3284 769 3359 Brun,
785 3303 882 3365 super
896 3281 995 3346 altare
1012 3282 1123 3347 Sancti
1138 3284 1275 3363 Petroci,

173 3409 231 3470 pro
252 3386 452 3451 redemtione
472 3387 579 3451 anime
598 3408 666 3464 sue,
686 3392 725 3448 ut
740 3384 923 3450 libertatem
943 3385 1061 3450 babeat
1084 3386 1124 3450 ab
1148 3408 1186 3450 eo
1204 3395 1238 3451 et
1258 3409 1277 3450 1

170 3490 293 3553 semine
307 3511 365 3553 suo
380 3489 619 3573 perpetualiter,
635 3488 825 3552 commistis
841 3487 964 3553 idoneis
975 3489 1128 3553 testibus:
1149 3489 1276 3554 Leofric

170 3592 335 3675 presbiter,
368 3592 512 3655 Prudens
541 3591 709 3676 presbiter,
740 3589 905 3654 Adnlberd
933 3591 1100 3673 presbiter,
1128 3592 1275 3656 'Iittherd

169 3693 337 3777 presbiter,
353 3692 469 3756 Budda
482 3692 651 3777 presbiter,
667 3692 749 3757 Bois
763 3691 927 3769 diaconus,
937 3692 1095 3775 Moraypo
1110 3692 1274 3757 diaconus.

170 3796 374 3878 Quicumque
392 3795 527 3878 fregerit
543 3794 628 3858 hanc
644 3794 839 3872 libertatem,
861 3793 1033 3857 anathema
1055 3794 1097 3857 sit
1106 3820 1116 3874 3
1141 3803 1174 3859 et
1189 3796 1273 3878 quis·
1330 3881 1334 3891 ¹

171 3899 243 3982 quis
257 3897 457 3974 custodierit,
473 3896 664 3960 benedictus
678 3895 731 3959 sit.

213 4005 253 4083 ›1‹
272 4002 345 4064 Hoc
369 4008 419 4064 est
440 4020 561 4063 nomen
580 3999 667 4063 illius
689 3998 832 4062 mulieris
855 3998 986 4084 AElfgyp
1008 4021 1105 4083 quem
1127 3999 1276 4065 liberavit

168 4102 350 4188 AEpaelflaed,
366 4124 425 4186 pro
439 4103 549 4166 anima
563 4125 622 4166 sus
639 4109 672 4165 et
686 4122 745 4185 pro
760 4101 869 4164 anime
883 4101 1007 4165 domini
1021 4101 1072 4164 sui
1087 4102 1276 4191 AEpaelwerd

166 4208 242 4285 dux,
258 4227 354 4289 super
373 4206 548 4270 cimbalum
568 4206 680 4269 Sancti
700 4205 838 4284 Petroci,
859 4205 894 4268 in
911 4205 988 4269 villa
1008 4227 1071 4289 que
1090 4207 1275 4271 nominatur

164 4313 372 4395 Lyscerruyt,
394 4330 502 4374 coram
525 4309 596 4373 istis
617 4307 755 4373 testibus
772 4307 977 4372 videntibus:
1004 4310 1167 4394 AEpoestan
1186 4331 1274 4392 pres-

166 4415 260 4494 biter,
278 4413 377 4477 11111
397 4411 565 4497 presbiter,
584 4414 736 4477 Dunstan
753 4413 806 4494 pb,
828 4411 922 4475 Goda
942 4411 1100 4490 minister,
1120 4413 1273 4477 AElfwerd

1006 4543 1008 4547 ·
1046 4519 1067 4578 2
1084 4538 1098 4577 s
