3234 5125
485 419 804 476 mscuLLnNEous
825 421 1040 477 cHARrERs.
1258 423 1312 478 899

208 583 371 647 Ealdadus
399 584 539 668 episcopi
568 607 678 649 curam
710 587 897 670 suscipiens,
928 588 1136 672 ejusdemque
1160 585 1312 650 aecclesiae

205 684 281 766 jura
295 685 461 770 requirens
480 694 513 750 et
532 686 636 750 sciens
657 707 676 750 a
695 687 789 752 beato
806 710 890 772 papa
908 689 1068 753 Nicholao
1083 691 1196 752 Romae
1216 689 1312 771 pallio

207 785 354 866 donatus,
371 787 412 851 ad
431 809 490 852 nos
508 809 603 872 super
616 788 767 852 aecclesiae
785 789 847 853 sibi
869 791 1040 854 commissa
1054 791 1213 873 dignitate
1235 811 1311 873 apo·

210 889 324 952 stolica
341 889 460 973 scripta
474 891 602 972 signata
616 891 744 970 detulit,
761 892 877 975 quibus
894 914 969 956 cum
984 915 1043 956 sua
1056 893 1211 958 fidelitate
1226 913 1312 956 com·

211 991 328 1054 moniti
349 993 473 1074 justam
495 992 685 1074 petitionem
708 1015 799 1077 pcpae
825 1002 859 1058 et
883 1016 976 1059 suam
999 997 1150 1060 nolumus
1174 995 1314 1060 refutare

213 1094 298 1177 quod
317 1095 411 1173 absit,
427 1095 605 1178 praesertim
621 1117 695 1160 cum
710 1118 806 1180 super
821 1097 933 1162 eadem
950 1119 986 1162 re
1003 1099 1214 1182 apostolicum
1230 1119 1312 1181 prae-

213 1197 351 1261 sentavit
365 1197 578 1281 privilegium.
613 1199 814 1263 Donavimus
827 1200 937 1283 igitur,
953 1202 1086 1266 consilio
1099 1201 1220 1283 reginoe
1234 1221 1314 1264 meae

213 1307 247 1364 et
269 1300 405 1364 aliorum
424 1299 577 1375 fidelium,
599 1301 629 1364 ei
649 1301 781 1385 ejusque
800 1302 937 1385 posteris
955 1303 1189 1368 ordinationem
1207 1304 1314 1368 Wire·

214 1401 337 1465 cestriae
351 1402 561 1485 episcopatus,
578 1423 652 1465 cum
672 1410 783 1468 nostro
800 1412 911 1468 tamen
925 1404 1156 1488 disponendam
1171 1407 1314 1484 consilio,

213 1511 370 1586 quatenus
392 1504 426 1566 in
449 1504 634 1588 exequendo
658 1506 829 1589 episcopali
851 1528 928 1570 cura
950 1528 989 1572 eo
1014 1509 1182 1591 specialius
1204 1518 1315 1574 utatur

213 1606 330 1670 vicario
350 1614 449 1689 utque
465 1628 483 1669 a
497 1607 685 1696 bestopapa
702 1608 862 1672 Nichclso
877 1608 912 1671 in
926 1609 997 1692 ejus
1011 1609 1165 1692 scriptum
1179 1611 1317 1674 habetur

215 1707 391 1791 privilegio.
438 1708 535 1772 Quod
549 1708 576 1770 si
592 1708 662 1791 quis
676 1730 695 1771 e
709 1709 839 1791 regibus
853 1711 992 1792 posteris
1009 1711 1128 1774 nostris
1141 1711 1316 1794 intringere

215 1809 431 1893 temptaverit,
455 1810 537 1874 iram
557 1811 618 1873 Dei
639 1811 794 1896 incurrat,
821 1819 854 1874 et
876 1811 919 1875 sit
936 1812 1117 1891 anathema,
1140 1814 1317 1877 secundum

217 1911 434 1995 supradictum
458 1911 594 1995 apostoli
616 1912 792 1991 decretum,
817 1913 882 1976 nisi
904 1901 1081 1998 resipiscat.
1137 1915 1186 1978 Ut
1209 1923 1317 1979 autem

216 2015 278 2079 boc
301 2036 382 2078 mese
405 2014 629 2098 descriptionis
647 2014 850 2098 privilegium
870 2022 1024 2099 perpetuo
1041 2016 1232 2081 inviolatum
1251 2039 1317 2081 ser-

218 2124 320 2196 vetur,
339 2139 455 2180 manus
471 2124 592 2180 nostrae
610 2117 749 2199 signum,
769 2117 930 2202 sigillique
948 2119 1123 2182 auctoritas
1141 2120 1252 2184 subter
1267 2120 1317 2182 in-

219 2220 376 2302 signium
402 2220 482 2283 item
500 2219 597 2303 regiae
621 2221 729 2284 uxoris
748 2242 829 2285 meae
851 2221 1038 2284 testimonio
1060 2222 1225 2300 munitur;
1251 2223 1317 2306 cpi-

219 2342 387 2405 scoporum
412 2343 540 2404 quoque
565 2321 786 2385 interminatio
812 2343 887 2386 cum
909 2323 1110 2404 singulorum
1132 2323 1264 2387 nominc
1286 2331 1320 2387 et

219 2431 378 2488 caractere
408 2423 598 2506 exprimitur
625 2423 799 2501 abbatum3
830 2430 864 2486 ct
894 2424 1075 2507 principum
1099 2425 1192 2507 regni
1216 2426 1319 2488 nostri
1375 2453 1378 2457 ²

220 2513 507 2591 contestificatione
523 2525 666 2589 fulcitur.

265 2633 304 2712 »14
320 2629 392 2711 Ego
407 2628 593 2706 Edwardus‚
610 2628 673 2691 Dei
688 2626 792 2709 gratia
806 2627 989 2710 Auglorum
1003 2649 1071 2706 rex,
1086 2628 1148 2693 hoc
1162 2630 1317 2715 scriptum

221 2730 415 2796 confirmavi.
465 2734 505 2812 »14
522 2731 594 2811 Ego
616 2727 752 2807 Eudios,
768 2729 832 2791 Dei
854 2729 973 2811 pietate
994 2729 1176 2811 Anglorum
1198 2732 1319 2815 regina,

219 2835 311 2917 jussu
335 2832 457 2896 domini
481 2832 546 2894 mci
570 2832 664 2913 regis,
689 2830 869 2893 voluntarie
894 2830 970 2893 huic
992 2829 1199 2915 descriptioni
1218 2832 1320 2898 faveo.

225 2939 265 3017 »14
280 2936 351 3017 Ego
378 2933 555 3015 stigandus
577 2932 832 3015 archiepiscopus
858 2931 1039 3008 subscribo.¹
1081 2936 1210 3017 »14Εςο
1235 2936 1320 3000 Her-

223 3058 360 3101 maunus
388 3035 555 3119 episcopus
584 3034 760 3099 subscribo.
876 3037 916 3115 »14
932 3033 1115 3098 Willelmus
1144 3036 1319 3121 episcopus.

223 3144 263 3222 »14
279 3138 406 3203 Leciric
431 3138 609 3221 episcopus.
679 3140 719 3218 »14
736 3135 900 3200 Robertus
929 3137 1036 3199 stalre.
1101 3141 1141 3219 »14
1157 3138 1322 3203 Osbernus

225 3241 416 3325 capellanus.
463 3243 503 3321 »14
521 3238 741 3302 Raimboldus.
795 3241 835 3319 »14
852 3239 978 3302 Petrus.
1025 3242 1065 3320 »14
1083 3240 1245 3304 Haraldus
1260 3243 1323 3306 Dei

225 3344 329 3427 grstia
350 3341 425 3404 dux.
489 3343 529 3421 »14
542 3338 643 3403 Tosti.
709 3343 749 3421 »14
765 3339 917 3422 AElgarus
939 3340 1013 3402 dux.
1077 3344 1117 3422 »14
1134 3341 1217 3405 cim
1246 3344 1320 3408 dux.

227 3448 266 3527 »14
284 3442 466 3508 Lcofuinus
484 3440 559 3504 dux.
649 3438 860 3522 »14Βιί1ηιὶοΙ
950 3443 990 3521 »14
1007 3439 1075 3503 Ulf.
1165 3445 1320 3524 »148ιιοη.

229 3550 269 3628 »14
285 3544 418 3610 AElnon.
465 3546 505 3629 »Β
522 3541 655 3606 Walder
670 3540 926 3623 subscripsimus.

269 3649 390 3711 netum
409 3626 598 3721 uinum,
616 3644 652 3705 sn
674 3643 803 3726 publica
824 3644 921 3722 cursa,
942 3642 1059 3706 natan
1079 3644 1201 3709 cursu
1218 3648 1254 3710 in
1271 3649 1324 3713 ue

224 3748 406 3812 festivitatis
421 3746 532 3811 Sancti
548 3744 713 3829 sylvestri,
731 3765 816 3807 anno
831 3745 965 3808 Domini
980 3766 1104 3824 unxv„
1115 3768 1200 3810 anno
1214 3758 1324 3814 autem

227 3850 318 3933 regni
332 3848 437 3912 nostri
451 3868 518 3910 xx1.
564 3848 627 3913 Pcr
642 3846 751 3909 omnia
764 3846 953 3910 benedictus
968 3848 1067 3911 Deus.
1111 3850 1227 3913 Amen.

272 3955 312 4033 »14
328 3952 399 4032 Ego
414 3948 546 4013 AElinob
563 3948 670 4013 abbas.
717 3951 757 4029 »14
773 3948 956 4013 Aselnodus
971 3948 1079 4012 abbas.
1126 3953 1166 4031 »14
1184 3952 1217 4015 S.
1228 3953 1324 4017 Leof-

227 4054 312 4115 ricus
337 4051 446 4115 abbas.
516 4054 556 4132 »14
572 4051 643 4133 Ego
666 4049 845 4112 Ealdredus
869 4050 1082 4114 subdiaconus
1105 4052 1259 4135 scriptum
1276 4077 1325 4118 re·

229 4174 373 4237 cognom.
