3234 5125
303 412 355 468 278
578 411 900 467 MISCELLANEOUS
918 410 1134 467 CHARTERS.

303 602 430 647 mecum
452 581 598 666 vigilanti
624 592 752 665 pectore
775 582 915 661 volvens,
941 590 975 645 et
1001 580 1097 647 citius
1123 588 1257 647 atanto
1279 589 1411 666 tamque

303 684 501 753 exhortando
519 684 724 751 anathemate
742 685 872 751 liberari
890 684 1033 769 cupiens,
1048 706 1135 751 anno
1157 684 1339 752 Domiuicoe
1352 686 1411 751 In-

303 787 498 851 carnationis
517 787 821 867 ncocc.ro111.,mei
840 794 949 853 autem
967 788 1059 871 regni
1073 808 1156 853 xvu.
1172 788 1316 853 sinodale
1333 810 1410 856 con-

303 888 413 956 cilium
429 889 630 969 Uuiutenise,
645 890 680 953 in
694 889 746 955 die
761 898 873 957 sancto
887 891 1105 956 Pentecosten
1123 889 1193 954 fieri
1209 891 1302 975 jussi,
1316 891 1411 956 illuc·

305 1014 367 1076 que
386 993 553 1077 episcopis,
581 1002 615 1059 et
644 993 826 1072 abbatibus,
848 1014 886 1058 ac
907 993 1023 1059 ceteris
1044 993 1239 1083 optimatum
1264 1014 1411 1059 meorum

304 1095 537 1179 p[r]imoribus
551 1096 649 1163 verba
663 1096 852 1161 salutatoria
869 1105 903 1162 et
920 1097 1052 1180 psciiim
1065 1096 1297 1180 benignissime
1310 1096 1409 1163 desti-

302 1200 387 1278 navi,
398 1198 528 1284 cun[ct]
534 1220 644 1283 osque,
653 1200 775 1264 Christi
784 1199 961 1283 inspirante
969 1200 1084 1283 grstia
1094 1200 1218 1278 monui,
1226 1208 1264 1265 ut
1273 1221 1409 1283 quaque

303 1322 441 1387 superno
461 1303 607 1369 Creatori
624 1303 732 1387 digna,
755 1323 891 1387 queque
910 1302 1047 1386 spiritali
1066 1301 1183 1367 anime
1201 1323 1283 1368 mere
1300 1302 1408 1381 saluti,

302 1426 359 1471 seu
378 1406 478 1489 regali
503 1427 583 1471 meae
605 1405 756 1489 dignitati
781 1426 933 1489 congrua,
953 1426 1087 1493 queque
1108 1405 1207 1469 etiam
1229 1406 1319 1470 omni
1340 1407 1410 1471 An·

302 1505 428 1589 giorum
451 1508 568 1591 populo
601 1514 760 1591 oportuna
788 1505 941 1586 valerent,
975 1506 1119 1574 Domino
1147 1506 1345 1587 consulente,
1374 1508 1410 1570 in

303 1630 473 1674 commune
493 1617 680 1689 tractarent,
696 1631 815 1675 vovens
836 1610 935 1673 etiam
952 1655 1142 1674 ........
1164 1608 1262 1694 [v]ita
1280 1610 1408 1690 comite,

303 1720 336 1775 et
353 1719 528 1777 retroactas
546 1712 587 1777 ad
604 1734 721 1796 purum
739 1713 907 1779 cohercere
922 1713 1151 1797 neglegentias,
1167 1720 1202 1777 et
1217 1713 1312 1796 juxta
1328 1734 1409 1797 prte-

302 1808 504 1879 decessorum
526 1832 672 1879 meorum
695 1811 832 1890 decreta,
858 1812 960 1877 Jbesu
982 1812 1113 1877 Christo
1134 1812 1278 1877 Domino
1299 1818 1410 1877 nostro

303 1912 434 1995 ejusque
457 1913 605 1996 genitrici
626 1915 768 1999 priscum
789 1916 961 1981 restituere
982 1915 1141 1981 libertatis
1162 1914 1408 2001 cyrographum.

304 2016 378 2085 Hoc
392 2015 442 2079 illi
455 2037 538 2095 meo,
554 2017 655 2082 immo
670 2017 802 2097 Christi,
819 2018 947 2083 monitu
961 2018 1057 2082 simul
1074 2027 1108 2082 et
1122 2018 1264 2097 hortatu,
1276 2038 1409 2100 magno·

301 2139 376 2201 pere
391 2119 528 2187 delectat
535 2120 560 2204 [i
575 2120 629 2203 vo]
636 2120 662 2185 ti
680 2128 855 2205 compotes,
872 2120 1032 2186 Salvatori
1049 2120 1179 2185 Christo
1198 2119 1319 2203 gratias
1336 2140 1410 2203 ege-

300 2228 389 2301 runt,
419 2230 452 2286 et
480 2244 615 2307 quasque
645 2221 803 2306 condigna
834 2222 1005 2287 salubriter
1038 2224 1189 2287 instituta
1222 2231 1408 2301 sanxerunt,

301 2331 395 2407 pacto
418 2324 553 2408 spiritali
578 2326 859 2391 confirmaverunt.
903 2326 1003 2391 Nunc
1025 2334 1134 2391 autem
1158 2347 1219 2409 ego
1237 2326 1408 2412 Albehrsd,

301 2426 493 2509 Anglorum,
510 2428 640 2493 Christo
654 2428 845 2513 opitulante,
859 2428 1009 2507 basileum,
1021 2449 1085 2512 quo
1100 2427 1246 2493 debitum
1263 2430 1331 2493 voti
1344 2428 1409 2491 mei

301 2529 396 2597 factis
415 2531 615 2616 adimpleam,
633 2539 667 2597 et
683 2540 721 2596 ut
740 2540 871 2598 aterna
889 2531 1050 2597 libertatis
1069 2531 1238 2596 altithroni
1257 2531 1409 2596 Modera-

269 2685 272 2693 ,
302 2635 382 2703 toris
410 2635 581 2702 clementia
606 2655 729 2700 merear
754 2635 901 2718 optinere
928 2635 1139 2714 consortium,
1158 2636 1300 2719 pretium
1323 2635 1410 2720 quod

302 2738 404 2804 michi
421 2738 486 2804 dux
504 2737 658 2822 praefatus
675 2737 799 2816 AEliric,
815 2759 874 2821 pro
891 2737 1000 2802 fratris
1018 2739 1069 2802 sui
1086 2737 1251 2804 Eaduuini
1265 2739 1410 2822 prioratu

303 2841 451 2920 contulit,
468 2861 533 2925 quo
551 2841 684 2925 praefata
702 2840 825 2906 Christi
842 2849 1028 2925 sanctaeque
1047 2843 1118 2925 ejus
1136 2841 1301 2924 genitricis
1318 2840 1410 2905 here-

302 2943 385 3008 ditas
414 2944 526 3027 iniqus
551 2945 706 3008 servitute
735 2952 785 3010 est
805 2942 1000 3022 venundata,
1023 2944 1253 3028 perpetualiter
1275 2945 1410 3009 anathe-

302 3046 485 3112 matizando
502 3045 610 3123 reicio,
626 3054 659 3108 et
679 3047 821 3128 gratuita
838 3046 972 3116 Domini
989 3046 1168 3129 inspirante
1188 3045 1303 3129 gratia,
1322 3067 1410 3112 meo·

302 3170 438 3233 rumque
453 3149 655 3232 optimatum,
671 3156 738 3212 tam
753 3148 909 3214 laicorum
918 3170 1016 3232 quam
1027 3148 1261 3228 ordinatorum,
1276 3156 1411 3232 rogatus

303 3252 400 3320 simul
423 3259 457 3316 et
478 3270 555 3314 usus
584 3251 728 3331 consilio,
751 3252 856 3317 eidem
877 3259 997 3316 sancta
1018 3251 1142 3316 Christi
1163 3251 1329 3335 genitricis
1349 3271 1411 3315 rao·

303 3355 407 3420 clesiae
431 3354 659 3437 monachisque
682 3353 762 3418 inibi
784 3354 976 3438 degentibus
998 3362 1155 3420 aeternam
1181 3355 1350 3438 privilegii,
1371 3362 1409 3420 ut

303 3457 548 3542 praedecessores
566 3457 642 3535 mei,
660 3457 875 3526 renovandam
895 3458 1037 3522 concedo
1056 3457 1251 3522 libertatem.
1299 3459 1409 3542 Hujus

303 3561 424 3625 etenim
447 3560 637 3627 renovandae
666 3559 824 3630 libertatis
854 3560 1038 3639 auctoritas,
1065 3561 1187 3626 Christi
1217 3562 1410 3626 auctoritate

304 3671 476 3746 nostraque
493 3663 653 3748 largitate,
670 3683 819 3732 concessa
840 3670 873 3726 et
894 3663 1100 3728 corroborata
1122 3672 1171 3728 est
1191 3664 1244 3728 die
1264 3683 1333 3728 rvr.
1351 3665 1409 3728 ka-

304 3766 473 3832 lendarum
488 3767 720 3849 Augustarum,
736 3767 771 3829 in
788 3765 930 3839 oratorio
949 3766 1012 3836 vici
1035 3766 1092 3849 qui
1111 3766 1233 3831 usitato
1249 3766 1408 3850 Gillinga-

305 3871 379 3936 bam
409 3870 569 3936 nominari
601 3869 692 3947 solet,
722 3869 907 3952 missasque·
926 3868 1150 3940 celebratione
1178 3878 1318 3953 peracta,
1349 3869 1410 3933 sub

304 3975 420 4042 horum
439 3974 572 4040 testium
586 3973 767 4057 praesentia,
783 3992 837 4036 me
854 3987 1019 4042 assensum
1032 3972 1206 4056 prebente,
1222 3974 1411 4038 confirmata

305 4088 363 4158 est,
386 4077 511 4143 abbatis
531 4076 654 4142 scilicet
671 4075 812 4153 AElssini,
830 4074 1102 4159 consangineique
1124 4076 1189 4140 mei
1211 4075 1409 4159 AEhelmaeri,

304 4203 431 4248 necnon
452 4189 486 4248 et
507 4179 657 4245 ammonii
680 4177 745 4242 mei
764 4176 900 4255 Orduld,
921 4199 959 4243 ac
980 4178 1158 4261 prioratum
1179 4177 1306 4262 praefati
1327 4177 1409 4241 AEb·

304 4285 523 4350 bandunensis
546 4281 684 4348 coenobii
705 4281 740 4344 in
761 4302 862 4345 manu
880 4289 913 4345 et
929 4288 1089 4364 potestate
1109 4281 1262 4364 Uullgari
1283 4280 1410 4345 abbatis

303 4389 402 4454 michi
420 4387 601 4453 humillima
620 4384 787 4450 devotione
808 4382 955 4469 subjecti,
971 4384 1071 4467 gratis
1090 4384 1160 4450 sine
1176 4384 1282 4467 pretio
1296 4383 1410 4448 volun·
