3234 5125
503 440 824 497 llllSCELLANEOUS
844 442 1056 499 CHARTERS.
1280 448 1334 501 346

229 632 398 698 scoporum
417 622 474 677 aut
489 614 719 697 episcoporum,
737 622 793 677 aut
808 615 916 697 aliqua
934 616 1066 680 secundi
1086 616 1209 681 ordinis
1224 639 1335 682 eorum

228 717 447 801 disciplinatui
470 716 697 781 adherencium
720 738 930 800 personarum
954 718 1085 798 audens,
1109 720 1336 803 quoquomodo

227 818 325 903 hujus
346 827 466 883 nostra
484 818 724 883 constitutionis
738 820 860 884 violare
878 820 1037 904 judicium
1056 830 1231 905 praesumat
1246 823 1334 905 quic·

229 942 325 1004 quam
341 921 582 985 consuetudinis
604 921 671 985 sive
693 920 923 986 dominationis
946 924 1061 988 amodo
1082 924 1119 987 in
1135 924 1249 988 eodem
1264 947 1333 989 mo·

228 1025 370 1088 nasterio
396 1031 430 1088 et
453 1024 529 1089 villa
552 1046 647 1108 super
670 1024 856 1104 monachos,
881 1025 1023 1105 clericos,
1048 1035 1105 1090 aut
1128 1028 1238 1107 laicos,
1259 1049 1332 1111 pro-

229 1127 377 1206 clamare,
412 1146 577 1209 usurpare,
610 1126 777 1211 justiciam
809 1126 951 1211 aliquam
982 1128 1096 1208 facere,
1128 1138 1185 1193 aut
1219 1131 1334 1193 missas

228 1228 398 1307 celebrare,
413 1229 477 1291 nisi
501 1228 643 1293 monitus
670 1228 768 1293 fuerit
792 1229 834 1294 ab
852 1230 954 1313 ipsius
976 1232 1040 1295 loci
1059 1232 1185 1311 abbate,
1201 1240 1257 1295 aut
1271 1233 1334 1316 ipsi
1405 1274 1421 1290 .

230 1332 339 1397 abbati
353 1354 411 1416 pro
425 1330 599 1395 homicidio
618 1338 676 1395 aut
693 1331 852 1396 adulterio
870 1333 1026 1416 placuerit
1041 1334 1181 1417 aliquem
1202 1356 1334 1399 suorum

229 1434 270 1498 ad
285 1456 360 1498 eum
375 1434 514 1498 mittere.
554 1434 671 1516 Siquis
686 1455 761 1498 vero
776 1442 988 1518 posterorum,
1001 1436 1087 1519 quod
1102 1458 1167 1501 non
1183 1446 1334 1521 putamus

229 1536 385 1616 firturum,
410 1537 472 1601 hoc
495 1558 664 1619 aggressus
690 1536 788 1600 fuerit
815 1546 938 1602 temere
965 1539 1177 1623 calumpniari
1201 1548 1257 1602 aut
1283 1540 1333 1603 in·

229 1640 369 1724 fringere
393 1640 569 1719 decretum,
585 1639 797 1723 praesencium
822 1640 1112 1705 ecclesiasticorum
1133 1641 1258 1725 prolate
1280 1664 1337 1705 ex·

230 1742 515 1806 communicationi
537 1742 711 1825 subjaceat,
728 1749 851 1805 etcum
870 1742 892 1805 J
893 1742 957 1807 uda
977 1744 1133 1807 traditore
1155 1744 1239 1827 ignis
1256 1747 1334 1809 'lar-

229 1844 311 1908 tarei
334 1865 432 1927 penas
457 1843 674 1907 indesinenter
696 1843 766 1907 luat
788 1852 822 1907 et
844 1843 1013 1923 sustineat,
1037 1852 1070 1909 et
1094 1844 1225 1928 insuper
1244 1846 1334 1929 regio

230 1948 308 2010 fisco
332 1967 405 2010 m.
430 1947 498 2010 auri
521 1946 645 2011 talenta
669 1946 838 2030 persolvat.
898 1949 943 2010 Et
972 1969 1068 2031 super
1096 1958 1335 2014 conservatores

210 2076 214 2083 ⁴
231 2049 363 2114 Domini
383 2050 491 2113 veniat
510 2049 701 2127 benedictio,
718 2048 927 2133 adjutorium,
949 2056 982 2114 et
1002 2050 1178 2116 consolatio
1202 2052 1277 2131 vite,
1301 2061 1336 2117 et

230 2174 338 2217 rerum
365 2174 508 2236 congrua
530 2152 756 2235 tranquillitas,
781 2152 923 2236 corporis
950 2160 983 2217 et
1012 2154 1131 2217 mentis
1150 2154 1239 2237 jugis
1260 2177 1333 2238 pro·

232 2256 340 2333 tectio,
364 2256 458 2334 salus,
480 2264 512 2319 et
538 2255 669 2333 sanitas,
684 2262 722 2319 ut
748 2262 781 2318 et
803 2255 857 2319 hic
878 2276 1064 2339 prosperam
1083 2257 1181 2320 vitam
1204 2258 1334 2337 ducant,

230 2378 304 2422 cum
319 2358 427 2423 fructu
442 2359 512 2422 Deo
527 2358 720 2442 placitorum
735 2378 877 2441 operum,
891 2365 988 2441 atque
1002 2367 1075 2441 post
1086 2360 1191 2423 carnis
1206 2359 1333 2423 obitum

231 2468 420 2544 perpetuum
439 2460 545 2524 divine
563 2460 841 2543 contemplationis
858 2460 965 2543 adepti
979 2461 1133 2544 gaudium
1149 2462 1285 2526 feliciter
1299 2463 1335 2527 in

230 2573 315 2628 sorte
330 2573 482 2628 maneant
497 2571 530 2628 et
545 2565 707 2628 consortio
722 2571 916 2627 sanctorum.

274 2669 345 2750 Ego
368 2667 550 2746 Hardcnut,
570 2688 628 2731 rex
646 2666 827 2748 Anglorum
851 2665 1049 2748 aliarumque
1071 2667 1253 2745 nationum,
1274 2667 1335 2731 hoc

231 2771 433 2853 privilegium
453 2769 536 2854 jussi
560 2789 761 2852 componere,
788 2776 823 2832 et
847 2768 1061 2850 compositum
1085 2769 1214 2850 propria
1236 2791 1335 2832 manu

232 2873 440 2957 impressione
452 2871 623 2937 Dominice
638 2871 742 2936 crucis
757 2870 952 2935 confirmavi.
998 2871 1069 2953 Ego
1080 2872 1198 2935 Ymma
1212 2871 1335 2954 regina,

232 2985 335 3040 mater
358 2975 458 3059 ipsius
484 2975 666 3054 Hardcnut,
692 2974 871 3058 gaudenter
894 2994 1060 3036 assensum
1084 2972 1218 3055 praebui.
1263 2976 1335 3056 Ego

233 3077 459 3161 AEgelnothus,
497 3077 753 3142 Dorobernensis
787 3077 1042 3160 archiepiscopus
1053 3076 1074 3155 ¹,
1111 3077 1203 3160 signo
1232 3078 1336 3140 crucis

233 3181 425 3264 consignavi.
502 3182 574 3264 Ego
603 3181 768 3258 AElfricus,
792 3180 937 3243 Eborum
972 3179 1229 3263 archiepiscopus
1258 3201 1335 3244 con-

232 3283 364 3366 signavi.
439 3284 509 3367 Ego
538 3282 707 3361 AElwinus,
737 3283 894 3367 Wynton.
928 3281 1108 3365 episcopus,
1138 3282 1334 3366 consignavi.

231 3387 303 3469 Ego
327 3385 491 3464 AElfricus,
521 3383 759 3449 Elmhameusis
788 3384 956 3468 episcopus
967 3382 988 3462 ¹,
1013 3384 1208 3467 consignavi.
1264 3386 1336 3467 Ego

234 3489 412 3573 Lyuingus,
439 3487 663 3570 Wigomensis
697 3487 873 3571 episcopus,
898 3487 1093 3570 consignavi.
1148 3488 1220 3569 Ego
1239 3487 1337 3551 Wlsi·

233 3613 304 3671 nus,
326 3589 577 3654 Lichefeldensis
603 3589 781 3673 episcopus,
798 3588 993 3672 consignavi.
1059 3591 1130 3672 Ego
1144 3589 1336 3670 AElwardus,
1400 3622 1403 3627 ·

234 3693 382 3757 London.
414 3693 591 3777 episcopus,
624 3692 821 3774 consignavi.
896 3693 967 3775 Ego
997 3691 1224 3770 Brihtwaldus,
1254 3692 1338 3755 Wil-

233 3805 301 3860 ton.
325 3797 502 3880 episcopus,
530 3795 726 3878 consignavi.
781 3796 852 3877 Ego
878 3794 1068 3873 Grimketel,
1096 3784 1247 3859 Suthsei.
1271 3795 1337 3878 epi-

234 3920 359 3983 scopus,
381 3897 577 3982 consignavi.
636 3898 708 3979 Ego
722 3895 945 3974 Eadmundus,
967 3896 1249 3980 Lyndisfamensis
1272 3897 1338 3979 epi-

234 4023 359 4086 scopus,
376 4000 570 4084 consignavi.
630 4001 701 4083 Ego
719 3998 882 4082 Sigeward
901 3999 998 4062 abbas
1013 3997 1207 4081 consignavi.
1267 3999 1339 4080 Ego

234 4105 323 4168 Elias
347 4105 445 4170 abbas
470 4103 665 4187 consignavi.
719 4103 791 4185 Ego
811 4101 1017 4186 [Godwinus]
1043 4121 1150 4165 comes
1173 4121 1338 4164 assensum

234 4209 367 4292 praebui.
424 4210 495 4290 Ego
511 4206 588 4293 puri
611 4227 717 4271 comes
738 4206 897 4271 consensi.
957 4206 1029 4286 Ego
1043 4202 1209 4268 Leofricus
1232 4224 1338 4268 eomes

316 4383 325 4418 ¹
344 4379 414 4432 Died
427 4378 454 4431 in
469 4378 547 4446 1038,
560 4396 577 4432 a
588 4395 660 4450 year,
672 4381 701 4430 at
712 4376 788 4444 least,
801 4377 892 4432 before
901 4375 1094 4429 Hartbacnut’s
1105 4373 1248 4428 acromion.
