3234 5125
288 430 343 485 344
559 426 881 484 MISCELLANEOUS
899 426 1113 482 CHARTERS.

289 600 405 683 regalis
428 601 589 685 praecepti,
615 622 652 665 eo
684 608 796 665 tenore
825 600 1030 664 constituisse
1061 597 1235 662 monachos
1264 598 1300 660 in
1322 596 1393 659 loco

292 705 403 768 Sancti
418 703 612 783 eadmundi,
627 704 677 767 uti
694 704 776 767 nulli
794 725 907 787 regum
926 710 982 766 aut
997 702 1167 766 hominnm
1184 722 1338 783 umquam
1357 700 1394 762 in

290 806 401 869 futuro
416 806 510 870 liceat
524 828 642 890 ponere
657 806 737 870 inibi
753 806 899 870 ordinem
915 806 1025 869 alium.
1058 805 1132 870 Quo
1141 803 1293 867 vitalibus
1307 802 1394 865 auria

291 916 448 991 exempto,
473 930 589 992 meque
612 910 648 972 in
673 909 817 993 ejusdem
839 909 931 991 regni
961 907 1052 986 solio,
1078 906 1186 969 divina
1214 905 1395 989 opitulante

291 1010 472 1089 clementia,
483 1011 669 1090 substituto,
680 1019 713 1075 et
724 1011 902 1075 Londoniae
914 1010 1098 1094 praesidenti
1108 1009 1144 1071 in
1154 1008 1296 1092 generali
1307 1008 1395 1071 curie

291 1113 420 1196 placito,
437 1114 662 1196 AEgelnothus,
678 1114 922 1177 Cantuariensis
937 1112 1204 1196 archiepiscopus,
1220 1134 1295 1175 cum
1310 1111 1395 1195 ejus-

292 1216 366 1279 dem
389 1216 561 1279 comitatus
591 1216 738 1300 praesule,
765 1216 902 1279 AElfrido
930 1214 1073 1292 nomine,
1104 1223 1137 1277 et
1166 1236 1241 1278 cum
1270 1213 1396 1297 praefati

291 1317 395 1381 sancti
412 1318 472 1381 viri
486 1328 600 1382 vocato
623 1318 747 1397 abbate,
763 1318 798 1381 in
816 1318 989 1401 praesencia
1009 1338 1082 1380 mea
1100 1316 1206 1400 palam
1230 1317 1346 1393 astitit,
1357 1324 1395 1401 ct

292 1428 468 1504 utrumque
478 1444 496 1485 a
506 1444 559 1485 me
570 1443 645 1486 curn
661 1422 780 1485 eisdem
792 1421 896 1505 petiit,
906 1430 945 1484 ut
955 1420 1148 1504 descriptam
1162 1420 1253 1503 priua
1267 1441 1286 1483 a
1299 1439 1394 1483 vene·

292 1523 386 1588 rabili
400 1532 491 1607 patre
505 1546 588 1603 meo,
604 1532 642 1587 ut
657 1524 733 1603 dixi,
743 1524 886 1608 ejusdem
901 1523 964 1587 loci
978 1523 1254 1586 confirmationem
1269 1521 1396 1605 proprie

293 1626 455 1690 firmitatis
469 1628 660 1691 anctoritate
674 1627 869 1705 roborarem,
881 1634 914 1689 et
925 1625 1011 1708 quod
1026 1626 1130 1689 adhuc
1145 1633 1309 1709 supererat
1322 1646 1395 1709 pro·

293 1730 387 1792 ficere
405 1730 538 1793 minime
560 1730 721 1794 differrem
730 1756 740 1808 5
764 1729 805 1793 ad
826 1729 893 1793 haec
915 1750 968 1792 me
990 1728 1067 1811 quid
1085 1728 1146 1792 sibi
1161 1728 1268 1807 vellet,
1283 1737 1395 1811 etque

294 1832 438 1895 tenderet
453 1833 550 1917 hujus
564 1834 698 1896 rationis
713 1831 850 1917 prolatio
864 1832 1048 1915 requirente
1056 1858 1065 1909 ;
1088 1832 1137 1894 illi
1151 1840 1297 1896 econtra
1311 1831 1394 1894 indi-

293 1941 446 1997 caverunt
460 1942 592 2018 repente
607 1934 687 1998 aeid
703 1934 782 1999 velle
798 1957 817 1997 a
831 1943 950 1999 nostrae
963 1934 1200 2018 principalitate
1215 1934 1395 1997 serenitatis

294 2033 334 2098 ab
346 2034 556 2119 omnibusque
567 2036 797 2100 aecclesiasticis
809 2036 953 2120 personis
968 2044 1064 2119 atque
1079 2036 1261 2120 proceribus
1275 2035 1394 2100 ibidem

294 2138 494 2222 congregatis
517 2139 683 2202 humiliter
711 2147 831 2222 petere,
855 2139 1009 2223 quatinus
1031 2160 1089 2223 pro
1117 2138 1260 2203 remedio
1289 2139 1396 2202 anime

294 2240 393 2323 patris
427 2248 460 2304 et
486 2241 599 2305 matris
628 2250 725 2326 atque
755 2264 837 2320 mee,
861 2251 895 2306 et
923 2263 1074 2327 prospera
1101 2242 1194 2325 regni
1219 2241 1395 2306 stabilitate

293 2344 405 2423 nostri,
422 2344 504 2408 hanc
518 2344 676 2409 libertatis
691 2344 930 2409 immunitatem
940 2344 1051 2409 Sancti
1065 2345 1248 2409 Eadmundi
1263 2345 1396 2428 locoque

294 2446 363 2530 ejus
388 2446 622 2511 habitatoribus
648 2448 797 2531 dignarer
820 2448 1003 2526 concedere,
1026 2468 1067 2511 ne
1093 2448 1174 2512 inibi
1202 2448 1395 2511 famulantes

295 2549 436 2614 Domino
452 2550 597 2615 cenobite
614 2559 779 2635 pastorum
799 2551 1106 2630 aeclesiasticorum,
1122 2550 1232 2615 autad
1247 2575 1282 2616 se
1296 2551 1395 2635 perti·

294 2654 444 2718 nencium
467 2676 674 2738 personarum
696 2655 763 2718 ullo
785 2654 935 2738 deinceps
956 2664 1102 2739 tempore
1116 2663 1325 2738 quaterentur
1338 2677 1396 2718 seu

294 2757 515 2840 inpedirentur
529 2758 676 2822 molestia
694 2765 750 2821 aut
765 2757 959 2841 opressione.
1005 2759 1167 2822 Dixenmt
1183 2758 1284 2841 igitur
1306 2779 1341 2822 se
1361 2759 1396 2821 id

294 2860 440 2943 pluribus
454 2861 568 2938 modis,
582 2860 736 2944 quamdiu
746 2860 898 2924 vitalibus
912 2860 998 2924 auria
1012 2861 1206 2938 fruerentur,
1221 2861 1302 2924 velle
1316 2861 1395 2938 fieri,

295 2971 365 3026 turn
381 2962 456 3044 quis
477 2963 538 3044 ipsi
561 2963 656 3026 ambo
675 2963 892 3026 interfuerunt
907 2971 1048 3046 paternae
1063 2962 1308 3042 confirmationi,
1323 2971 1395 3026 tum

295 3066 370 3148 quia
388 3065 511 3128 meritis
531 3065 657 3148 praefati
676 3066 780 3128 sancti
801 3086 860 3148 pro
878 3066 981 3148 petito
1001 3065 1156 3130 beneficio
1172 3066 1268 3149 hujus
1289 3087 1395 3149 spera·

295 3168 373 3231 bant
388 3188 407 3229 a
420 3168 563 3241 Domino
577 3167 658 3230 mihi
673 3167 797 3250 sibique
811 3176 998 3252 perpetuam
1012 3169 1304 3232 remunerationem
1322 3189 1394 3252 pro·

295 3271 413 3348 venire,
438 3277 509 3333 tum
536 3271 611 3353 quis
635 3271 828 3334 verebantur·
853 3292 894 3335 ne
919 3271 1122 3355 perversioris
1145 3271 1336 3335 intentionis
1361 3279 1395 3334 et

296 3372 394 3436 animi
417 3374 519 3436 nostri
543 3395 738 3438 successores
766 3374 965 3438 sentirentur
992 3382 1026 3438 et
1048 3373 1271 3438 invenirentur
1299 3382 1396 3457 atque

296 3477 356 3539 sui.
392 3477 466 3542 Quo
477 3476 636 3559 patefacto
651 3485 763 3540 nostro
773 3477 965 3560 generaliter
976 3476 1112 3554 auditui,
1124 3477 1276 3540 licetnon
1286 3477 1395 3560 pocior

295 3588 380 3643 esset
394 3581 440 3643 eis
455 3581 603 3644 voluntas
617 3581 757 3664 petendi,
773 3602 871 3664 quam
885 3579 986 3644 michi
1000 3580 1191 3643 desiderium
1208 3579 1395 3664 exequendi,

294 3691 405 3746 tamen
418 3684 595 3766 perquisito
610 3683 685 3747 inde
700 3684 833 3748 consilio
848 3683 1022 3760 communi,
1037 3683 1211 3746 universali
1226 3684 1396 3747 eoncordia

293 3785 440 3868 inprimis
467 3807 486 3848 a
511 3785 718 3850 devotissima
742 3793 847 3850 matre
876 3786 1004 3864 Ymms,
1034 3785 1151 3849 deinde
1175 3786 1215 3850 ab
1245 3787 1394 3850 omnibus

293 3895 509 3971 opportunum
531 3909 718 3971 responsum
735 3888 853 3971 accepi,
868 3888 930 3950 hoc
944 3888 1117 3971 probabile,
1133 3888 1224 3966 utile,
1247 3889 1396 3972 dignum·

294 4013 356 4074 que
371 3991 520 4056 effectum
536 4012 604 4054 esse
619 3991 742 4054 anullo
757 4011 869 4054 eorum
885 3991 1037 4073 abnegari
1052 4011 1154 4074 posse.
1193 3992 1396 4076 Quapropter

194 4181 197 4185 .
294 4095 356 4158 Dei
381 4093 622 4177 Omnipotentis
653 4114 825 4157 succensus
854 4115 972 4172 amore,
1003 4101 1037 4157 et
1066 4093 1209 4177 ejusdem
1244 4093 1396 4179 martyria

292 4196 468 4279 patrocinio
492 4196 635 4277 gaudens
660 4195 846 4273 ethonore,
871 4217 945 4259 enm
973 4196 1081 4260 favore
1104 4195 1262 4279 laudeque
1286 4197 1395 4260 aeccle-

292 4299 493 4361 siasticorum
515 4306 679 4381 pastorum
698 4297 997 4381 mundanorumque
1011 4298 1202 4382 principum,
1218 4300 1327 4362 taliter
1341 4298 1395 4362 de-

293 4401 447 4482 scriptum
462 4401 626 4464 constituo
640 4400 818 4484 roboreque
838 4411 1044 4486 praeceptnm,
1061 4409 1098 4465 nt
1112 4402 1221 4464 nullus
1240 4403 1395 4484 archiepi-
