3234 5125
498 434 820 493 MISOELLANEOUS
837 440 1051 498 cassinas.
1275 450 1329 501 :itti

222 604 262 669 de
280 604 428 670 domibus
444 607 580 690 predicti
601 608 743 693 AElgodi,
764 619 798 675 et
817 612 857 676 de
875 620 961 677 terra
978 636 1041 697 que
1063 614 1103 679 ad
1124 616 1195 680 illas
1215 618 1328 685 domos

221 708 370 789 pertinet.
429 709 500 773 Hoc
525 717 633 774 autem
661 721 710 776 est
737 715 924 779 conventio:
953 717 1187 801 qninquaginta
1210 720 1328 785 solidos

221 808 365 892 predicta
391 809 538 895 Eadgiua
566 812 656 877 dedit
680 814 807 897 Algodo
833 838 892 900 pro
921 818 1070 883 domibus
1092 822 1159 883 auis
1186 830 1219 886 et
1242 830 1328 887 terra

221 932 293 995 quae
314 911 355 976 ad
375 912 445 976 illas
466 913 578 978 domos
600 917 759 999 pertinet;
784 926 817 982 et
838 919 907 1002 ipse
920 921 1067 1003 Algodus
1082 932 1116 986 et
1130 930 1201 987 tota
1215 944 1328 1007 proge-

220 1014 290 1077 nies
305 1036 364 1078 sua
381 1016 420 1079 de
434 1015 490 1079 illa
509 1025 596 1081 terra
610 1019 759 1084 omuibus
778 1022 883 1085 modis
902 1033 1027 1102 exeant,
1044 1032 1077 1088 et
1097 1025 1167 1110 ipsa
1181 1025 1329 1109 Eadgiua

221 1123 255 1180 et
269 1118 460 1181 Dunstanus
479 1119 564 1183 filius
587 1122 657 1205 ejus
678 1143 716 1185 eo
737 1124 833 1188 modo
855 1124 1029 1205 introeant,
1052 1135 1090 1190 ut
1112 1128 1159 1191 ita
1179 1128 1280 1192 libere
1293 1139 1328 1193 et

221 1220 329 1304 quiete
348 1220 459 1285 domos
483 1230 516 1285 et
540 1230 659 1287 terram
683 1225 772 1289 illam
798 1227 981 1310 possideant
1002 1229 1087 1292 sicut
1108 1230 1254 1313 Algodus
1276 1233 1327 1295 vel

223 1322 433 1386 Haemannus
456 1344 598 1407 unquam
620 1326 735 1391 melius
756 1327 806 1391 vel
828 1329 959 1393 liberius
984 1331 1215 1414 possederunt:
1244 1341 1277 1398 et
1299 1334 1328 1397 si

223 1423 318 1487 alicui
335 1445 393 1488 seu
410 1424 486 1489 dare
503 1426 553 1490 rel
571 1427 709 1492 rendere
729 1429 875 1509 volucrit,
891 1430 969 1495 dent
984 1432 1035 1497 vel
1049 1433 1189 1498 vendent
1207 1456 1245 1498 ea
1262 1434 1327 1499 sive

222 1525 257 1587 in
271 1527 423 1609 progenie
440 1548 496 1590 seu
517 1536 608 1593 extra
630 1552 720 1593 suam
740 1533 944 1615 progeniem,
968 1542 1001 1597 et
1020 1533 1155 1617 singulis
1173 1536 1276 1615 annis,
1290 1537 1327 1600 in
1399 1543 1405 1553 '

221 1628 328 1693 medio
343 1628 605 1713 Quadragesime,
628 1641 702 1697 octo
724 1633 872 1698 denarios
892 1656 988 1719 super
1010 1638 1191 1720 sepulcrum
1215 1639 1328 1703 Sancti

221 1732 397 1813 Augustini
416 1741 548 1816 ponant,
564 1735 640 1817 quia
660 1744 746 1799 terra
767 1738 879 1801 Sancti
896 1739 1072 1821 Augustini
1092 1748 1141 1804 est
1163 1748 1197 1805 et
1217 1740 1252 1803 in
1270 1764 1326 1825 po-

221 1840 337 1897 testate
354 1842 472 1899 nostra.
520 1836 629 1921 Hujus
646 1840 869 1903 conventionis
887 1862 1015 1905 veraces
1036 1850 1135 1907 testes
1161 1856 1239 1908 sunt
1259 1844 1325 1925 isti,

222 1936 345 2001 Ernulf
354 1938 451 2020 prior,
468 1946 528 2003 eto.

391 2308 488 2363 KING
506 2306 707 2363 EADWARD
726 2308 804 2364 ΤΗΕ
823 2310 1051 2369 OONFFSSOR.
1087 2313 1160 2370 ML.

253 2468 454 2511 TRANSLA'HO
469 2450 562 2511 sn'lrls
579 2467 806 2512 cnrnnmtnms
822 2470 865 2513 DE
880 2470 1052 2514 cmnnrnrt
1068 2471 1106 2514 IN
1122 2451 1302 2515 EXONIAH'·

264 2599 371 2681 Igitur
385 2619 460 2662 cum
474 2599 623 2664 universa
644 2601 679 2664 in
701 2601 861 2684 sapiencia
881 2623 900 2664 a
914 2602 985 2665 Deo
1000 2602 1081 2666 bene
1096 2603 1227 2666 condita
1248 2604 1323 2680 sint,

221 2701 380 2780 videlieet,
402 2702 517 2780 celum,
541 2723 665 2782 arvum,
684 2711 717 2767 et
742 2723 804 2786 que
828 2703 863 2765 in
888 2704 935 2766 eis
957 2704 1175 2782 continentur,
1191 2704 1325 2787 dignum

219 2805 337 2889 quippe
363 2825 545 2887 equumque
569 2805 746 2868 dinoscitur
769 2805 839 2869 fore
865 2827 1058 2889 quamquam
1084 2806 1326 2889 impossibilitas

220 2928 295 2991 egre
319 2907 531 2972 humanitatis
559 2908 719 2972 humanos
747 2915 838 2971 actus
863 2907 965 2991 pluris
989 2907 1224 2972 calamitatibus
1249 2930 1324 2972 con·

220 3009 339 3087 turbet,
352 3031 416 3092 quo
427 3031 486 3074 nos
499 3009 554 3093 qui
566 3019 705 3074 rectores
715 3009 883 3073 hominum
899 3010 998 3073 aDeo
1009 3010 1177 3073 constituti
1188 3010 1325 3075 dicimur

219 3113 376 3176 instinctu
399 3133 536 3196 superne
554 3112 747 3190 clemencie,
763 3112 860 3196 juxta
883 3111 1051 3175 modulum
1065 3121 1176 3176 nostre
1190 3134 1324 3177 censure

219 3211 392 3295 prudenter
414 3211 590 3294 equitatem
620 3211 723 3276 citilis
756 3210 923 3293 exquirere
958 3210 1144 3274 studeamus
1176 3212 1322 3292 sciencie,

219 3320 315 3396 atque
330 3313 487 3397 praecipue
504 3335 554 3377 res
570 3313 782 3377 ecclesiastice
804 3312 944 3396 benigne
965 3312 1166 3377 discutiendo
1186 3321 1324 3378 tractare

219 3439 257 3480 ea
271 3438 334 3500 que
354 3425 532 3481 cernuntur
551 3417 670 3481 nostris
690 3437 756 3481 non
779 3438 863 3498 equa
884 3415 1052 3498 optutibus
1072 3417 1191 3480 rectius
1205 3417 1323 3481 consti-

217 3529 319 3599 tuere,
344 3521 451 3602 sicque
474 3519 597 3582 sancita
628 3517 669 3582 ad
693 3519 873 3602 profectum
890 3518 1091 3597 innocencie,
1113 3519 1179 3583 sive
1203 3520 1323 3583 utrius·

217 3645 280 3707 que
301 3623 369 3687 vioe
388 3621 624 3687 corroborando
646 3621 835 3705 gubernare.
889 3620 1051 3703 Equidem
1074 3621 1249 3704 gloriosum
1275 3631 1324 3685 est

217 3727 419 3809 nimiumque
438 3725 598 3788 laudabile
618 3723 796 3788 destructas
821 3722 895 3786 edes
917 3731 1100 3786 sanctorum
1121 3724 1265 3787 locorum
1283 3723 1324 3786 ad

217 3829 361 3892 divinum
376 3827 608 3891 adminiculum
624 3825 860 3909 exposcendum
875 3825 1068 3903 reedificare,
1080 3846 1232 3908 sacraque
1243 3825 1323 3889 alta-

216 3932 265 3995 ria
286 3931 429 3995 venustis
456 3931 534 3994 velis
563 3951 638 3993 oum
668 3929 774 3993 nitore
797 3927 843 4011 pii
866 3927 971 3992 cordis
1001 3928 1116 4005 velare,
1144 3935 1178 3990 et
1208 3948 1322 3989 unam·

216 4056 376 4118 quamque
387 4041 580 4098 nocturnam
591 4032 656 4095 sive
665 4031 816 4094 diurnam
831 4029 970 4092 sinaxim
982 4027 1173 4094 armoniaois
1184 4027 1323 4092 modulis

216 4159 374 4202 resonare.
420 4137 623 4219 Quapropter
641 4155 700 4217 ego
714 4131 922 4210 Eadwardus,
939 4132 1001 4195 Dei
1022 4131 1127 4213 gratia
1140 4131 1322 4213 Anglorum

251 4311 259 4344 ¹
278 4310 336 4366 The
354 4325 422 4381 copy
433 4310 462 4364 in
473 4309 576 4363 Hiclrea
588 4307 671 4377 (Dias.
684 4307 771 4380 Epist.
784 4325 811 4378 p.
822 4307 869 4377 16)
872 4346 881 4375 ,
892 4305 962 4360 lrom
973 4305 1021 4359 tha
1038 4303 1160 4359 archites
1176 4304 1208 4358 ol
1220 4305 1323 4359 Exeter

216 4397 362 4464 cathedrcl,
375 4396 463 4450 varies
475 4396 504 4450 in
515 4395 562 4449 the
572 4411 665 4448 names
677 4395 708 4447 ol
716 4393 764 4447 the
776 4393 925 4446 witnesses.
