3234 5125
310 425 361 479 100
583 425 906 482 MISGELLANEOUS
924 427 1138 484 CHARTERS.

310 596 401 662 noth.
447 599 488 678 ›1‹
504 597 575 681 Ego
592 645 702 662 .....
738 602 777 680 '1⁴
795 600 867 682 Ego
882 599 1036 663 Ceolbald
1051 599 1123 665 eofi.
1170 604 1211 683 ›1‹
1229 603 1300 685 Ego
1314 601 1415 666 Alch-

310 699 396 764 here.
442 703 483 782 ›1‹
498 701 570 783 Ego
584 699 723 766 Duddel.
771 705 811 783 '1⁴
827 703 899 784 Ego
910 703 1107 768 AEthelhere.
1151 707 1192 786 ›1‹
1209 706 1280 789 Ego
1291 705 1416 770 North-

310 802 396 868 here.

351 1181 449 1235 KING
466 1181 703 1235 BERHTUULF
719 1181 768 1236 OF
785 1181 944 1237 MEROIA.
981 1181 1065 1236 ΠΕΟ.
1085 1182 1162 1235 atra
1181 1181 1377 1237 Decexnv.

355 1328 454 1409 v1⁴In
475 1327 605 1390 nomine
627 1326 770 1391 Domini.
826 1327 922 1390 Certe
941 1327 1078 1410 fargitiva
1101 1334 1134 1392 et
1159 1327 1280 1391 caduca
1308 1328 1415 1412 itaque

309 1439 359 1496 est
389 1439 491 1495 status
514 1430 607 1494 istius
630 1429 754 1508 mundi,
780 1438 814 1494 et
837 1431 947 1493 omnia
970 1453 1041 1513 quae
1070 1429 1221 1494 ridentur
1242 1431 1296 1495 hie
1317 1441 1414 1496 vento

309 1534 449 1599 velocius
467 1532 507 1596 ad
526 1534 624 1597 finem
641 1533 786 1611 trahunt,
801 1541 835 1597 et
850 1555 921 1616 quae
940 1554 1006 1597 nou
1021 1533 1171 1597 videntur
1186 1535 1249 1597 fixa
1267 1555 1304 1598 ac
1321 1555 1412 1598 mau-

310 1655 385 1696 sura
406 1633 440 1695 in
463 1641 620 1696 aeternum
637 1640 856 1714 permaneant.
901 1632 980 1696 Ideo
1002 1654 1077 1697 eum
1094 1633 1165 1697 istis
1184 1633 1414 1717 temporalibus
1485 1627 1489 1632 ’

311 1759 348 1800 ae
363 1734 555 1799 transitoriis
570 1733 667 1817 hujus
682 1734 791 1798 saeeuli
805 1734 925 1798 divitiis
940 1744 1060 1799 aterna
1076 1736 1217 1820 praemia,
1234 1757 1271 1800 ac
1288 1757 1414 1820 semper

310 1836 427 1923 gaudia
440 1835 614 1914 manentia,
630 1835 815 1899 studeamus
829 1835 865 1899 in
878 1836 1057 1900 caelestibus
1072 1859 1267 1920 comparare,
1278 1846 1413 1903 vocante

310 1962 369 2005 nos
387 1939 428 2004 ad
445 1959 479 2003 se
493 1938 635 2003 Domino
654 1944 765 2003 nostro
786 1939 807 2002 J
808 1939 889 2002 heau
903 1940 1042 2019 Christo,
1061 1941 1117 2024 qui
1132 1941 1187 2019 ait,
1208 1943 1358 2008 “Venite
1371 1942 1412 2006 ad

308 2064 360 2107 me
375 2063 486 2107 omnes
498 2042 553 2126 qui
563 2041 724 2120 laboratis,
736 2049 769 2105 et
783 2041 933 2106 honorati
948 2043 1035 2123 estis,
1051 2050 1085 2106 et
1099 2065 1159 2127 ego
1169 2045 1310 2108 reficiam
1321 2046 1412 2109 vos.''

309 2147 385 2211 Qua
401 2145 442 2209 de
459 2165 493 2208 re
514 2165 573 2227 ego
594 2143 776 2223 Berhtuull,
792 2145 897 2227 gratia
912 2145 1020 2209 divina
1036 2146 1202 2228 largiente,
1221 2169 1276 2210 rex
1292 2148 1412 2212 Merci-

306 2271 412 2327 0rum‚
427 2248 467 2311 de
486 2245 627 2342 remedio
645 2245 751 2310 anime
765 2267 846 2311 mere
859 2247 1079 2330 praecogitans,
1099 2248 1248 2331 diemque
1269 2257 1410 2314 tremen-

281 2394 287 2406 ·
307 2352 385 2415 dum
414 2350 559 2414 distincti
584 2348 739 2412 examinis
762 2357 838 2414 autc
861 2349 964 2413 oeulis
987 2349 1091 2413 cordis
1116 2351 1180 2414 mei
1202 2372 1410 2435 componens,

306 2453 515 2538 cogitavique,
532 2451 616 2534 quod
632 2451 746 2535 aliquit
760 2452 801 2516 de
816 2453 910 2515 istius
925 2453 1082 2516 mundani
1098 2453 1191 2538 regni
1205 2456 1410 2539 perceptione

304 2580 362 2642 pro
377 2555 603 2639 memetipsum
618 2553 653 2617 in
667 2563 856 2638 perpetuam
871 2555 1078 2621 elemosinam
1096 2578 1134 2621 ac
1148 2556 1332 2623 libertatem
1347 2582 1409 2625 ac-

183 2660 186 2668 ’
303 2657 607 2736 elesiastieam,·Deo
621 2656 702 2735 vivo,
718 2658 754 2719 in
768 2666 925 2722 aeternum
940 2680 1124 2742 erogarem
1147 2661 1231 2740 ideo,
1243 2683 1318 2726 eum
1333 2684 1409 2726 con·

302 2784 398 2827 sensu
420 2769 453 2827 et
474 2760 606 2825 lieentia
623 2760 844 2844 episcoporum
864 2768 897 2824 et
913 2761 1096 2847 principum
1111 2785 1269 2844 meam,
1287 2772 1321 2829 et
1338 2786 1407 2829 om·

302 2866 394 2929 nium
414 2864 576 2929 seniorum
596 2864 703 2946 gentis
720 2870 849 2942 nostra,
865 2864 992 2929 donabo
1011 2866 1209 2949 Heaberhto,
1226 2889 1298 2933 meo
1314 2890 1407 2933 vene·

300 2968 394 3032 rabili
418 2967 575 3050 episcopo,
602 2966 699 3049 hujus
721 2964 880 3029 libertatis
902 2967 1117 3051 privilegium,
1140 2972 1264 3054 atejus
1285 2971 1406 3035 familie

300 3071 526 3153 iuUuegerna
544 3075 665 3147 matre,
680 3068 768 3131 illius
783 3070 969 3134 monasterii
986 3070 1020 3134 hi
1040 3071 1173 3151 Essene,
1194 3074 1280 3157 quod
1298 3075 1406 3159 appel-

299 3172 386 3237 latur
400 3173 502 3236 Ulera
523 3170 693 3249 stretford,
711 3172 801 3255 eujus
816 3173 979 3255 quantitas
1001 3182 1051 3238 est
1071 3195 1123 3239 xx.
1139 3177 1352 3257 manentium,
1367 3200 1407 3242 ec

299 3275 385 3359 quod
405 3274 560 3359 placabile
579 3274 715 3357 pecunio
733 3282 882 3358 aceeptus
902 3274 961 3354 fui,
980 3276 1014 3340 id
1036 3287 1095 3357 est,
1111 3300 1141 3342 x.
1158 3280 1249 3343 libris
1267 3282 1405 3364 argenti,

299 3398 337 3441 ea
351 3376 545 3455 conditione,
565 3385 603 3439 ut
624 3374 725 3439 libera
742 3386 928 3459 permaneat
947 3379 983 3441 in
1002 3381 1244 3463 sempiternum.
1292 3385 1406 3448 Soluta

298 3488 331 3543 et
354 3480 489 3543 liberata
511 3479 553 3543 sit
577 3478 617 3542 ab
637 3480 726 3542 omni
740 3480 821 3563 jugo
839 3479 980 3546 humane
998 3484 1172 3564 servitutis,
1196 3487 1236 3551 ab
1256 3488 1406 3552 omnibus

297 3581 502 3646 sacularibus
522 3580 652 3644 tributis
673 3588 706 3645 et
723 3581 932 3665 vectigalibus
941 3611 951 3662 ς
974 3605 1050 3649 eum
1069 3589 1195 3653 eunetis
1209 3590 1406 3654 utilitatibus

296 3685 336 3747 ad
351 3683 441 3747 illam
456 3678 622 3747 eeclesiam
636 3692 723 3747 recte
737 3685 984 3767 pertinentibus,
994 3689 1115 3773 campis
1129 3691 1178 3754 vel
1194 3692 1404 3771 silviunculis,

175 3796 177 3799 '
295 3784 421 3870 pascuis
435 3784 487 3849 vel
509 3785 620 3868 pratis,
636 3785 823 3849 fluminibus
838 3787 887 3850 vel
908 3788 1157 3871 piscationibus;
1181 3792 1221 3856 ab
1241 3815 1337 3877 opere
1354 3816 1404 3858 re·

294 3890 359 3973 gali
374 3896 407 3953 et
421 3896 516 3973 pastu
526 3886 611 3970 regis
626 3896 659 3951 et
673 3888 836 3973 principis,
846 3889 898 3953 vel
908 3891 1077 3973 juniorum
1088 3915 1217 3973 eorum;
1241 3896 1282 3959 ab
1294 3896 1402 3979 hospi·

293 4003 401 4057 torum
421 3991 595 4055 relectione
610 3990 659 4055 vel
677 4000 876 4071 venatorum,
898 3994 996 4058 etiam
1014 4017 1171 4078 equorum
1189 3998 1285 4082 regis,
1305 3999 1403 4063 falco·

293 4118 373 4159 num
388 4104 421 4159 et
439 4094 666 4177 ancipitruum,
689 4102 722 4157 et
744 4114 916 4177 puerorum
939 4096 996 4179 qui
1017 4098 1142 4161 ducunt
1161 4121 1267 4164 canes.
1314 4102 1404 4167 Quid

291 4200 407 4284 plura?
433 4198 474 4261 ab
492 4196 581 4261 omni
596 4196 804 4260 tribulatione
819 4199 890 4261 noti
908 4206 942 4263 et
961 4199 1076 4283 ignoti,
1092 4202 1202 4285 magni
1220 4210 1254 4267 ct
1271 4204 1402 4283 modici,

291 4303 392 4367 libera
411 4300 559 4365 consistit
582 4299 618 4362 in
636 4321 750 4378 aevum,
767 4301 922 4383 quamdiu
941 4302 1020 4367 fides
1036 4304 1219 4369 Christiane
1236 4307 1403 4389 religionis

293 4403 378 4488 apud
401 4402 525 4486 Anglos
542 4402 577 4466 in
597 4402 782 4466 Brittannia
804 4403 911 4468 insula
932 4416 1128 4488 permaneat.
1174 4410 1210 4472 Si
1231 4410 1304 4493 quis
1326 4432 1402 4474 vero

1606 852 1611 971 l
