3234 5125
303 413 338 465 56
578 412 900 468 MISCELLANEOUS
919 410 1134 467 unanimis.

305 602 395 646 mum
415 582 537 649 Christi
561 585 775 649 confessorem
797 584 1008 661 Guthhvcnm,
1031 582 1066 645 iu
1091 579 1287 645 monasterio
1308 579 1411 662 Croy·

302 685 448 749 lundensi
462 688 668 771 corporaliter
677 688 903 771 quiescentem,
913 694 947 751 et
961 684 1052 749 novis
1067 706 1105 749 ac
1118 682 1296 747 innumeris
1312 681 1410 744 mira-

303 786 394 866 culis,
410 798 506 874 prout
521 811 581 873 ego
595 798 629 853 et
642 790 755 873 regina
768 811 842 853 mea
856 790 891 852 in
905 796 1017 853 nostra
1032 786 1290 871 peregrinatione
1308 803 1412 867 nuper

303 890 404 953 oculis
423 892 543 955 uostris
561 892 710 971 vidimus,
727 892 871 977 quotidie
891 891 1008 955 clarius
1023 890 1065 954 ad
1078 890 1180 953 totius
1197 888 1311 952 mundi
1324 885 1410 950 noti-

303 992 383 1054 tiam
393 1001 625 1059 commeantem.
672 993 769 1060 Unde
780 992 821 1057 ed
833 993 1098 1078 supplicationem
1109 990 1340 1074 religiosissimi
1350 989 1412 1053 viri

305 1102 338 1159 et
353 1094 528 1177 spiritualis
542 1096 643 1180 patris
660 1118 705 1161 aec
723 1096 909 1161 confessarii
922 1095 1036 1174 nostri,
1052 1094 1110 1158 dfii
1125 1092 1270 1172 Sivardi,
1286 1091 1413 1157 abbatis

306 1196 384 1262 dicti
403 1200 600 1279 monasterii,
621 1200 810 1265 consulente
830 1200 917 1263 idem
935 1220 972 1263 aa
992 1204 1218 1262 commonente
1235 1194 1411 1259 venerabili

303 1304 394 1383 patre
408 1300 539 1368 domino
551 1302 695 1367 Wlfredo
706 1302 942 1386 archiepiscopo
954 1298 1202 1377 Dorobernensi,
1211 1308 1290 1363 tuuc
1300 1306 1411 1361 nostae

305 1403 570 1487 peregrinationis
585 1406 713 1484 comite,
729 1404 854 1469 dictum
871 1404 1104 1468 monasterium
1114 1401 1318 1488 croylandie,
1334 1422 1410 1464 cum

306 1508 376 1569 tota
400 1506 506 1570 insula
531 1507 707 1591 adjacente,
730 1508 816 1573 sicut
834 1507 868 1569 in
893 1514 983 1570 carta
1005 1504 1169 1589 quondam
1188 1504 1273 1589 regis
1295 1503 1409 1569 Ethel-

306 1607 402 1687 baldi,
432 1609 612 1675 fundatoris
641 1612 701 1689 sui,
724 1632 781 1695 per
808 1610 931 1674 limites
959 1618 1009 1673 est
1033 1608 1203 1673 distincta:
1233 1607 1410 1671 monachos

305 1712 404 1775 etiam
419 1714 561 1797 ejusdem
582 1714 779 1793 monasterii,
798 1723 831 1779 et
848 1734 1029 1793 conversos,
1050 1734 1088 1777 ac
1110 1734 1217 1776 servos
1233 1712 1409 1789 universos,

305 1814 341 1877 in
369 1816 547 1880 custodiam
572 1816 663 1900 cepio
691 1838 762 1881 mee
791 1816 1008 1900 protectionis.
1064 1816 1202 1899 Insuper
1225 1814 1416 1898 peregrinos·

306 1937 418 1981 omnes
435 1918 513 1981 illuc
532 1940 628 1984 causa
642 1918 820 1985 devotionis
834 1920 1030 1997 accedentes,
1045 1926 1079 1982 et
1099 1940 1172 1983 cum
1191 1918 1284 2000 signo
1299 1914 1410 1979 Sancti

307 2020 460 2085 Guthlaci
485 2022 520 2084 in
542 2022 608 2087 suis
637 2024 777 2108 capuciis
797 2023 849 2087 vel
870 2021 999 2106 capellis
1022 2022 1216 2100 recedentes,
1239 2020 1356 2085 liberos
1378 2028 1413 2082 et

306 2121 428 2185 solutos
445 2124 486 2187 ab
503 2126 592 2188 omni
613 2124 760 2209 passagio
775 2134 808 2190 et
823 2124 978 2203 thelonio,
993 2124 1178 2208 ubicumque
1191 2123 1338 2189 venerint
1351 2143 1410 2206 per

308 2226 413 2287 totuin
429 2248 565 2309 regnum
582 2228 706 2292 Mercie
721 2229 906 2311 perenniter
925 2248 994 2292 esse
1011 2227 1094 2292 volo.
1141 2226 1205 2291 Sed
1223 2234 1256 2289 et
1275 2226 1411 2290 eleemo-

307 2348 421 2410 synam
451 2350 548 2411 quam
573 2330 754 2394 'l'horoldus
787 2331 963 2395 vicecomes
992 2330 1161 2394 Liuoolnie
1192 2328 1282 2394 dedit
1318 2327 1413 2392 dictis

307 2430 471 2494 monachis
488 2430 523 2494 in
542 2431 751 2511 Bolsenbale3
775 2432 855 2496 item
875 2433 1112 2516 eleemosynam
1132 2453 1227 2515 quam
1244 2429 1413 2515 Geulphus

306 2531 390 2596 filius
405 2532 502 2598 Multi
516 2532 606 2598 dedit
619 2534 684 2598 illis
700 2535 736 2599 iu
752 2533 956 2619 Hulingtofi3
980 2534 1060 2598 item
1074 2528 1300 2599 eleemosinam
1315 2554 1412 2617 quam

305 2635 479 2718 Fregistus,
494 2637 588 2700 miles
605 2637 829 2717 validissimus,
848 2637 1011 2720 quondam
1030 2637 1185 2720 magister
1201 2659 1304 2717 meus,
1324 2637 1413 2701 dedit

305 2737 369 2802 illis
383 2739 417 2802 in
433 2740 610 2823 Laugtoit3
634 2749 667 2805 et
687 2742 926 2825 eleemosynam
941 2761 1040 2824 quam
1054 2741 1195 2824 Algarus
1208 2741 1300 2805 miles
1314 2742 1413 2806 etiam

307 2840 430 2905 dudum
449 2864 550 2923 meus,
575 2842 664 2910 dedit
681 2843 745 2906 illis
767 2844 803 2905 in
825 2843 948 2906 Baeton
968 2849 1002 2906 et
1023 2843 1058 2905 in
1076 2843 1263 2926 Repingule,
1278 2843 1361 2923 Deo,
1376 2866 1414 2910 ac

309 2944 428 3008 Sancto
458 2945 632 3023 Guthlaco,
660 2945 809 3028 dictoque
838 2945 1036 3009 monasterio
1063 2966 1101 3009 ac
1122 2945 1292 3010 monachis
1315 2947 1352 3011 in
1374 2969 1414 3012 eo

309 3045 380 3108 Deo
403 3046 627 3125 servientibus,
647 3046 683 3109 in
703 3054 893 3130 perpetuam
916 3047 1148 3132 possessiouem
1166 3048 1316 3127 conoedo,
1336 3071 1413 3114 con·

308 3145 387 3223 fero,
403 3155 436 3210 et
451 3149 615 3212 confirmo.

271 3287 274 3292 ·
356 3251 509 3334 *Anno
532 3250 763 3316 incarnationis
784 3251 906 3316 christi
927 3252 1194 3337 octingentesimo
1216 3262 1306 3318 sexto
1326 3249 1416 3319 istud

310 3350 546 3436 cyrographum
572 3373 633 3434 ego
660 3353 853 3437 Kenulphus
876 3354 1074 3419 Merciorum
1096 3375 1153 3418 rex
1178 3356 1271 3440 siguo
1295 3367 1415 3422 sanmae

310 3452 414 3516 crucis
431 3452 626 3536 consignavi.
673 3457 712 3540 ›1‹
729 3455 800 3538 Ego
811 3455 976 3520 Wliredus
985 3457 1239 3541 archiepiscopus
1253 3459 1414 3523 Dorober-
1439 3521 1445 3529 ,

310 3555 419 3620 nensis
449 3555 517 3621 fieri
547 3555 703 3623 consului.
748 3561 788 3639 ›1‹
804 3557 876 3639 Ego
906 3556 1103 3622 Kinebertus
1131 3558 1297 3642 episcopus
1318 3560 1413 3623 Win-

311 3657 437 3720 chester
450 3657 629 3722 subnotavi.
676 3662 716 3741 ›1‹
732 3660 802 3742 Ego
814 3660 995 3723 Wonwona
1008 3659 1175 3744 episcopus
1185 3661 1413 3743 Legecestren-

310 3759 354 3822 sis
369 3760 524 3826 consensi.
571 3763 611 3843 »Β
627 3761 698 3844 Ego
715 3759 865 3827 Celredes
885 3761 984 3824 abbas
998 3759 1038 3824 de
1052 3761 1325 3843 Medeshamsted,
1340 3787 1412 3848 ger·

310 3883 426 3927 manus
454 3863 553 3927 frater
584 3863 706 3927 domini
739 3863 873 3926 Siwardi
899 3863 1036 3942 abbatis,
1066 3865 1206 3927 multum
1234 3869 1413 3949 procuravi.

312 3968 352 4046 ›1‹
368 3967 440 4050 Ego
462 3965 644 4030 Cuthrcdus
667 3986 722 4029 rex
748 3965 1008 4044 Cantuariom
1035 3963 1076 4028 ad
1097 3966 1269 4050 imperium
1291 3969 1414 4034 domini

310 4068 374 4131 mei
395 4069 480 4152 regis
506 4068 681 4152 Kenulphi,
705 4089 870 4132 assensum
892 4066 976 4131 dedi.
1023 4071 1063 4149 ›1‹
1079 4068 1219 4133 Celwulf
1236 4070 1336 4134 irater
1356 4072 1413 4138 do·

312 4171 391 4234 mini
417 4171 502 4254 regis
528 4170 694 4254 Kenulphi
723 4169 905 4253 approbavi.
953 4171 1080 4253 t1sllgo
1102 4172 1242 4254 Algarus
1267 4174 1416 4240 minister

311 4273 396 4338 affui.
441 4275 479 4354 ᾧ
496 4275 566 4356 Ego
583 4273 681 4354 Sigga
696 4273 862 4354 presbiter,
883 4273 1078 4356 precipiente
1095 4272 1227 4339 domino
1248 4298 1321 4340 meo
1337 4300 1415 4362 rege

313 4375 496 4458 Kenulpho,
514 4376 575 4438 hoc
599 4375 856 4458 chirographum,
877 4397 975 4440 mauu
997 4397 1070 4440 mea
1093 4377 1259 4461 scriptum,
1276 4380 1310 4442 in
1332 4403 1412 4465 prae.
