3234 5125
324 436 360 487 26
589 431 910 489 MIscELLANuoUS
929 431 1148 489 CHARTERS.

324 603 572 669 transvecciouis
600 625 731 669 censum
759 604 817 688 qui
839 626 859 668 a
880 602 1088 668 theloueariis
1116 606 1236 668 nostris
1256 602 1428 669 tributaria

324 707 490 771 exactione
503 707 681 791 impetitur,
697 704 879 791 perdonans
899 705 1063 785 attribuo;
1085 715 1124 770 ut
1137 706 1258 791 ubique
1276 708 1313 770 iu
1326 728 1427 791 reguo

219 846 224 857 ·
324 816 435 873 nostro
463 809 563 875 libera
592 810 632 874 de
660 810 750 873 omni
778 809 880 891 regali
902 809 983 872 liscu
1004 817 1038 873 et
1058 810 1183 875 tributo
1204 817 1344 874 maneat.
1389 810 1426 874 Si

324 910 397 994 quis
418 911 501 977 hauc
518 910 724 977 donatiouem
743 934 763 975 a
782 911 876 976 uobis
901 910 1111 995 perdonatam
1125 912 1301 996 iufringere
1317 911 1368 975 vel
1392 912 1426 975 in

324 1014 464 1078 maximo
478 1014 528 1079 vel
543 1015 578 1078 in
592 1014 719 1079 modico
733 1014 950 1099 temptaverit,
965 1014 1047 1078 sciat
1072 1035 1108 1079 se
1127 1014 1267 1079 alieumm
1283 1037 1304 1079 a
1316 1022 1426 1078 nostra

325 1116 561 1197 communione,
577 1125 610 1183 et
624 1117 763 1181 maxime
778 1138 797 1179 a
811 1124 887 1181 cetu
899 1123 1096 1195 sauctorum,
1110 1137 1250 1181 manere.

369 1221 408 1302 ›1‹
421 1221 557 1304 Signum
568 1218 896 1284 mauusAEthilbaldi.
927 1218 1116 1303 ›14Signum
1124 1240 1239 1283 manus
1248 1219 1424 1285 Cuthraedi.

326 1322 519 1406 ›1⁴Signum
548 1344 664 1387 manus
697 1321 859 1386 Seleruedi.
921 1324 961 1402 ›1‹
982 1321 1120 1405 Signum
1142 1343 1259 1385 manus
1281 1323 1422 1386 Worres.

326 1429 366 1507 »1⁴
381 1425 518 1510 Signum
528 1427 656 1490 Cottau.
704 1428 744 1506 ›1‹
761 1424 899 1507 Signum
909 1444 1024 1487 manus
1033 1424 1197 1508 Cynriccs.
1237 1426 1277 1507 ›1‹
1288 1426 1424 1508 Signum

324 1526 589 1591 manuszfridi.
631 1529 671 1610 ›1‹
689 1527 827 1611 Signum
842 1548 958 1590 manus
973 1526 1102 1591 Lullau.
1145 1530 1187 1609 ›1‹
1204 1527 1341 1611 Signum
1356 1549 1423 1592 ms-

325 1652 387 1693 nus
402 1628 506 1693 Obsu.

368 1733 552 1815 Aotumque
580 1738 630 1796 est
651 1731 703 1796 die
732 1739 847 1815 quarto
870 1730 1091 1796 Kalendarum
1114 1731 1318 1809 Novembris,
1340 1752 1426 1794 anno

325 1834 627 1899 vicesimosecundo
636 1834 727 1917 regui
741 1824 855 1912 nostri,
868 1834 903 1898 in
917 1834 989 1899 loco
999 1834 1055 1919 qui
1066 1833 1187 1899 dicitur
1195 1832 1424 1898 Willauhaloh.

624 2152 1116 2163 *—

469 2400 563 2455 KING
582 2398 828 2454 AETHELBALD
846 2399 894 2454 OF
912 2399 1071 2454 MERCIA.
1109 2398 1283 2454 Dccxun.

369 2545 516 2626 ›1⁴Auno
530 2544 709 2611 Dominicee
728 2544 959 2610 incarnationis
977 2542 1425 2624 ucc.xn11.Indiot.x.,regui

323 2669 398 2711 vero
427 2648 620 2712 AEthilbaldi
648 2648 733 2732 regis
763 2648 962 2712 Marciorum
992 2669 1097 2712 xxvu.
1122 2654 1354 2730 congregatum
1378 2653 1429 2708 est

322 2772 475 2834 magnum
491 2751 663 2817 concilium
681 2751 766 2835 apud
780 2750 947 2830 Clovesho,
963 2750 1154 2834 praesidente
1171 2748 1276 2814 eidem
1289 2746 1427 2812 concilio

322 2854 521 2919 AEthilbaldo
550 2876 624 2938 rege
654 2855 853 2920 Marciorum
882 2875 957 2918 cum
986 2853 1167 2918 Cuthberto
1189 2849 1427 2935 archiepiscopo

323 2957 532 3021 Doroberniae
561 2939 747 3040 caeterisque
781 2955 937 3040 episcopis
970 2957 1067 3020 simul
1096 2953 1321 3031 assidentibus,
1352 2951 1425 3015 dili

323 3067 436 3140 genter
451 3057 670 3122 examinantes
685 3057 769 3121 circa
783 3058 963 3122 necessaria
976 3059 1017 3122 de
1031 3057 1134 3122 stutu¹
1151 3057 1252 3121 totius
1262 3053 1428 3139 religionis

323 3167 356 3222 et
376 3159 416 3222 de
436 3159 581 3244 symbolo
596 3180 634 3222 ex
650 3160 790 3243 antiquis
812 3168 997 3224 sauctorum
1016 3167 1145 3244 patrum
1165 3157 1426 3223 institutionibus

323 3260 453 3338 tradito,
469 3260 674 3345 studioseque
692 3260 911 3344 perquirentes
927 3263 1081 3345 qualiter³
1102 3263 1136 3326 in
1158 3261 1333 3347 primordio
1354 3281 1429 3324 nas·

323 3363 426 3427 ocutis
444 3363 582 3427 ecelesiae
597 3363 649 3426 hic
668 3363 703 3426 iu
717 3364 838 3447 Anglia
847 3364 1024 3448 jubebatur
1037 3365 1159 3443 haberi,
1172 3374 1229 3427 aut
1248 3363 1306 3427 ubi
1322 3363 1426 3427 honor

323 3465 541 3529 coenobiorum
563 3465 738 3528 secuudum
758 3487 906 3530 normam
928 3467 1088 3550 aequitatis
1107 3475 1296 3532 servaretur.
1343 3465 1426 3531 Hac

325 3575 358 3632 et
380 3568 442 3631 hiis
465 3567 583 3632 similia
600 3567 693 3632 anxie
711 3569 919 3653 inquirentes,
938 3570 1134 3654 antiquaque
1156 3569 1323 3653 privilegia
1343 3568 1424 3632 reci-

324 3678 430 3734 tantes
447 3671 577 3734 tandem
595 3670 738 3754 pervenit
756 3670 798 3733 ad
812 3692 928 3753 manus
943 3671 1075 3735 libertas
1094 3671 1302 3735 ecclesiarum
1321 3677 1355 3734 et
1373 3670 1424 3733 iu-

324 3772 450 3838 stitutio
469 3773 520 3836 vel
539 3781 732 3857 preceptum
752 3773 937 3837 Uuithrredi
958 3773 1088 3857 gloriosi
1107 3773 1192 3857 rogis
1212 3773 1252 3837 de
1271 3773 1427 3838 electione

323 3883 356 3939 et
385 3876 575 3940 auctoritate
604 3875 823 3941 coenobiorum
852 3877 887 3939 iu
917 3896 1016 3960 regno
1046 3877 1181 3955 Cautiae,
1208 3875 1370 3960 quomodo
1394 3883 1428 3940 et

323 3979 462 4064 qualiter
490 3978 666 4043 secundum
695 3979 868 4063 imperium
901 3986 935 4042 et
964 3979 1155 4044 electionem
1185 3978 1428 4043 Cantuariensis

321 4082 560 4166 metropolitani
574 4082 643 4146 fieri
664 4081 749 4166 [et]⁸
767 4089 852 4146 stare
865 4082 1049 4166 praecipitur
1057 4109 1067 4161 3
1091 4089 1124 4146 et
1139 4089 1298 4166 praecepto
1317 4081 1428 4165 itaque

322 4185 406 4268 regis
420 4184 619 4249 AEthclbaldi
633 4184 752 4249 lectum
767 4192 817 4248 est
831 4205 940 4249 coram
955 4185 1104 4250 omuibus
1115 4181 1333 4270 privilegium⁴
1346 4205 1426 4268 prae-

359 4349 365 4378 ¹
386 4347 419 4399 de
431 4351 511 4399 statu.
530 4347 592 4400 Cott.
607 4347 686 4399 Dom.
701 4347 760 4400 add.
914 4349 925 4378 ²
944 4347 987 4399 vel
999 4347 1122 4416 qualiter.
1134 4347 1202 4400 Coc.
1217 4346 1297 4398 Dum,

358 4431 368 4458 ³
386 4428 443 4482 Not
455 4427 483 4481 in
499 4431 563 4484 corr.
913 4431 924 4460 ⁴
942 4435 970 4482 et
982 4430 1041 4484 haec
1053 4430 1170 4484 libertas.
1184 4430 1248 4482 Coa
1261 4428 1340 4482 Dona
1349 4429 1411 4483 add.
