3234 5125
476 445 800 505 MISOELLANDOUS
822 446 1036 505 CHARTERS.
1253 450 1306 505 253

204 640 326 703 vynus,
341 617 482 702 digitum
506 616 568 684 viri
590 618 757 683 herentem
779 620 891 698 erexit,
909 620 1093 705 piscemque
1119 620 1305 704 suscipiens,

157 757 162 763 ·
204 721 301 786 matri
315 721 449 786 Domini
464 722 569 786 Jhesu
578 721 701 786 Christi
715 728 749 785 et
764 722 884 786 Sancto
895 722 1072 787 Benedicto
1087 730 1193 811 grates
1207 723 1304 786 innu-

202 841 307 889 meras
320 823 537 891 benedicendo
558 824 692 888 exsolvit
701 850 711 902 3
735 846 933 908 surgensque
946 824 996 887 vir
1011 824 1147 909 insignis
1167 824 1313 889 festinus

198 928 292 1012 jubet
301 948 457 992 mannum
468 927 641 1012 preparari,
651 933 685 991 et
695 926 730 989 in
738 926 879 991 insulam
893 927 996 1012 ipsam
1004 928 1134 1007 vadens,
1144 928 1304 1013 quomodo

197 1033 307 1115 jacent
322 1052 381 1095 sua
394 1031 555 1109 animalia,
566 1038 605 1094 ut
615 1037 802 1114 preceptum
817 1038 896 1109 erat,
908 1031 1060 1116 explorat.
1097 1031 1186 1095 Mira
1200 1052 1262 1110 res,
1272 1038 1305 1094 et

202 1133 360 1213 miranda,
374 1133 432 1197 ubi
446 1133 496 1196 vir
508 1132 671 1217 predictam
685 1132 824 1196 imolam
841 1140 890 1196 est
906 1132 1079 1216 ingressas,
1095 1133 1137 1197 ab
1150 1134 1303 1199 intracta-

202 1234 259 1298 bili
281 1235 393 1299 statim
407 1242 440 1299 et
454 1233 584 1318 gemino
599 1232 722 1314 morbo,
738 1241 823 1297 nutu
836 1233 901 1298 Dei
914 1233 1060 1298 funditus
1075 1233 1229 1299 liberatis
1244 1243 1304 1316 est,

202 1337 416 1421 animaliaque
438 1359 496 1401 sua
518 1336 554 1400 in
579 1336 711 1401 modum
737 1336 851 1416 crucis,
877 1343 1008 1400 taurum
1031 1358 1106 1401 vero
1135 1338 1170 1401 in
1198 1338 1305 1404 medio

202 1462 314 1504 eorum
328 1441 436 1524 jacere
453 1439 625 1524 prospexit.
670 1441 715 1504 Ilt
728 1439 813 1504 sicut
827 1439 989 1522 quondam
1008 1442 1128 1505 Sancto
1143 1441 1304 1506 Clementi

202 1566 305 1626 agnus
322 1544 404 1628 pede
429 1544 543 1609 dextro
564 1544 672 1608 locum
693 1542 802 1622 fontis,
822 1542 868 1607 sic
889 1543 958 1608 viro
976 1543 1032 1607 isti
1051 1550 1162 1607 taurus
1184 1551 1304 1609 terram

202 1647 413 1732 percuciendo
422 1647 530 1711 locum
539 1667 650 1711 mense
658 1645 760 1710 loturi
770 1645 926 1711 arcisterii
936 1646 1128 1730 significavit
1139 1648 1303 1714 divinitu.

204 1751 302 1816 Unde
320 1752 370 1815 vir
391 1751 535 1834 prefatus
558 1752 665 1815 Deum
681 1749 817 1814 laudans
838 1749 1008 1814 confestim
1029 1752 1187 1815 tumeatis
1208 1751 1305 1836 lignis

203 1854 329 1918 actitari
344 1854 498 1938 capellam
512 1853 559 1918 ibi
573 1852 706 1938 pulchro
720 1873 816 1937 opere
831 1853 983 1936 precepit,
994 1874 1030 1917 ac
1041 1852 1155 1917 deinde
1166 1862 1306 1921 scemate

201 1956 399 2036 condecenti,
409 1957 493 2021 siout
504 1955 692 2020 mandatum
703 1954 765 2019 sibi
776 1953 1164 2039 inuatregularefuture
1172 1978 1304 2041 congre.

203 2059 326 2143 gationi
344 2058 577 2124 monachorum
590 2057 772 2123 construxit
788 2057 970 2123 cenobium.
1015 2057 1142 2123 Deinde
1161 2060 1306 2127 revoluto

202 2162 422 2247 quinquennio
446 2162 622 2246 diebusque
644 2160 877 2244 duodeviginti,
902 2160 1051 2245 precibus
1077 2161 1305 2226 venerabilimn

205 2265 381 2329 amicomm
409 2286 565 2344 meorum,
602 2262 767 2328 Dunstani
800 2260 1068 2340 Dorobernensis,
1099 2269 1132 2326 et
1165 2263 1307 2328 Osrroldi

204 2366 414 2432 Eboracensis
437 2366 756 2452 archiepiscoporum,
775 2364 911 2429 eandem
936 2364 1102 2429 ecclesiam
1127 2363 1162 2427 in
1185 2365 1307 2431 honoro

204 2470 297 2536 beate
318 2471 450 2556 virginis
472 2471 588 2551 Maris,
609 2476 857 2551 sanctorumque
880 2466 1107 2551 predictorum,
1123 2475 1214 2531 sexto
1228 2468 1309 2532 Idus

204 2575 409 2655 Novembris,
424 2598 509 2640 anno
525 2575 565 2640 ab
580 2572 800 2638 incarnatione
814 2569 949 2636 Domini
967 2571 1213 2653 nongentesimo
1234 2593 1307 2655 sep.

204 2679 383 2762 tuagesimo
402 2685 528 2764 quarto,
543 2676 728 2744 Indictione
749 2673 899 2752 secunda,
918 2672 1147 2757 sollempniter,
1163 2680 1201 2736 ut
1215 2674 1308 2738 dece·

205 2781 271 2862 bat,
292 2782 434 2848 dedicari
456 2781 608 2847 concessi.
663 2779 789 2844 Eodem
812 2797 888 2841 vero
910 2796 1006 2856 anno,
1030 2796 1105 2840 cum
1133 2775 1168 2838 in
1194 2777 1307 2841 Natali

207 2885 378 2952 Dominioo
398 2907 510 2952 omnes
532 2885 671 2970 majores
691 2881 796 2946 tocius
815 2878 908 2964 regni
922 2879 997 2958 mei,
1012 2885 1080 2943 tam
1095 2879 1307 2946 ecclesiastice

205 3009 339 3073 persone
353 3011 450 3075 quam
464 2988 632 3068 seculares,
644 2987 685 3050 ad
699 2985 821 3051 curiam
836 3004 952 3062 meam,
968 2981 1165 3048 celebrandae
1179 3003 1307 3048 mecum

207 3091 389 3158 festivitatis
405 3091 520 3176 grstia,
536 3089 771 3167 convenissent,
790 3109 810 3152 a
829 3084 981 3171 predictis
1002 3083 1204 3149 amicissimis
1227 3085 1307 3150 meis

207 3196 451 3281 archiepiscopis
464 3194 578 3260 itidem
592 3198 734 3277 rogatus,
749 3211 862 3256 omnes
876 3187 1065 3254 donationes
1086 3195 1244 3250 terrarum
1256 3189 1307 3253 vel

206 3300 449 3384 possessionum,
465 3319 544 3382 quas
563 3296 614 3361 vel
636 3295 722 3360 idem
741 3295 930 3379 Aylvvynus,
945 3289 996 3355 vel
1019 3310 1220 3374 quecumque
1246 3290 1308 3354 alie

206 3423 350 3488 persone,
359 3404 396 3467 in
409 3401 592 3467 dotalitium
607 3398 751 3483 ejusdem
766 3395 909 3475 ecclesie,
920 3401 952 3458 et
964 3393 1018 3478 jus
1033 3391 1221 3456 hereditatis
1236 3413 1308 3478 per-

207 3506 379 3572 severabile
394 3506 436 3570 ad
449 3504 587 3570 victuale
601 3501 780 3566 subsidium
794 3497 1025 3562 monachorum
1042 3495 1170 3560 Christo
1184 3495 1308 3580 jugiter

205 3610 252 3674 ibi
273 3609 500 3674 famulantium
521 3605 732 3683 indulserant,
748 3600 854 3666 dando
869 3607 902 3664 ct
916 3597 1120 3664 concedendo
1138 3597 1199 3662 hoc
1220 3599 1308 3683 regie

205 3713 383 3798 majestatis
403 3732 475 3777 mee
496 3708 663 3795 privilegio
683 3727 793 3771 coram
809 3711 880 3768 tota
899 3702 990 3767 cruia
1003 3722 1076 3766 mea
1095 3700 1307 3780 corroboravi,

205 3823 238 3881 et
252 3823 321 3880 tam
334 3816 420 3901 ipsas
434 3811 624 3878 donationes
641 3831 739 3894 quam
752 3807 886 3873 nomina
903 3805 1096 3870 donatorum
1110 3803 1213 3867 literis
1227 3803 1309 3867 meis

205 3918 245 3983 ad
271 3918 379 3983 firtnre
401 3914 600 4002 posteritatis
621 3913 773 3978 notitiam
796 3909 973 3995 exprimere
995 3907 1121 3972 curavi:
1147 3905 1221 3969 Hoc
1247 3913 1306 3986 est,

205 4022 355 4107 primitus
378 4020 463 4086 dona
490 4016 621 4104 [ipsius]
648 4013 858 4092 aldremanni,
877 4012 999 4077 scilicet
1024 4009 1163 4073 insulam
1186 4007 1222 4070 in
1243 4029 1308 4092 qua

205 4123 294 4188 sedet
316 4121 553 4188 xenodochium
573 4119 765 4205 predictum,
787 4137 862 4181 cum
885 4112 1036 4180 omnibus
1059 4111 1121 4176 sibi
1142 4109 1307 4194 pertinen-

203 4228 290 4292 tibus
315 4225 425 4312 pratis,
449 4223 585 4309 pascam,
608 4219 739 4306 campis,
761 4217 942 4304 paludibus,
963 4215 1178 4296 silvarumque
1201 4211 1308 4276 densi-

205 4330 348 4408 tatibus3
364 4327 480 4393 deinde
490 4349 546 4391 rus
560 4324 641 4389 illud
656 4322 743 4408 quod
751 4320 897 4407 Upvvodc
911 4318 1107 4395 nominatur,
1120 4336 1194 4379 cum
1206 4316 1309 4380 Rave-

204 4431 277 4519 leya
299 4433 464 4517 berewyco
487 4452 557 4508 suo,
581 4423 861 4509 Hemmingeford‚
885 4421 1067 4499 Saltreiam,
1093 4417 1309 4496 Stivecleiam,
