3234 5125
294 401 347 453 294
568 401 889 457 MISGELLANEOUS
908 398 1122 456 CHARTERS.

295 568 383 648 land,
405 577 437 633 et
459 569 616 653 praedium
635 570 832 651 monasterii,
848 572 931 635 sicut
945 571 1092 636 Wlsinus
1117 570 1284 655 episcopus
1308 568 1400 632 fossis

297 671 486 754 sepibusque
509 673 612 755 girare
630 672 771 749 curavit3
796 673 912 738 deinde
925 696 1041 739 novem
1056 681 1196 738 cassatos
1209 672 1245 733 in
1259 672 1329 737 loco
1343 670 1401 755 qui

297 773 337 837 ab
352 774 464 837 incolis
481 773 687 838 Holaucumb
707 784 929 859 mmcupatur3
952 776 1032 840 item
1046 776 1081 837 in
1099 772 1320 859 Halganstoke
1335 793 1399 848 xv.,

296 877 331 939 in
343 876 484 940 Dorford
498 898 572 955 v11.,
588 877 623 940 iu
639 876 840 941 Bradanlord
855 899 897 957 1.,
912 880 947 942 in
959 879 1201 956 Wonbumav,
1216 877 1251 939 in
1260 877 1399 939 Westun

295 1000 384 1058 vna,
399 980 435 1043 in
452 980 696 1064 Stapulbrciege
710 1000 774 1059 xx,
790 980 826 1043 in
840 981 1160 1064 Wulfheardigstoke
1175 1002 1216 1059 x.,
1232 978 1398 1043 incumb-

296 1092 356 1145 tun
382 1102 469 1161 v111.,
494 1083 529 1146 iu
553 1082 736 1147 Osanstokc
763 1102 815 1161 11.,
842 1091 875 1146 et
897 1106 1037 1147 massam
1061 1104 1161 1171 unam
1182 1084 1277 1167 juxta
1295 1081 1399 1164 ripam

298 1186 406 1264 maris,
423 1206 494 1269 quas
516 1186 634 1250 dicitur
652 1191 695 1248 ast
710 1185 795 1250 Lim.
840 1187 886 1250 Et
911 1185 1064 1269 quicquid
1086 1186 1175 1249 Deus
1202 1185 1253 1248 his
1275 1184 1400 1248 auxerit

298 1288 445 1353 ardonis
467 1288 611 1352 fidelium
633 1288 788 1352 continua
806 1288 980 1352 securitate
998 1296 1031 1352 et
1042 1287 1115 1372 jugi
1129 1288 1278 1351 libertate
1299 1287 1399 1370 possi-

298 1391 394 1454 deant
418 1390 533 1455 fratres
557 1389 637 1453 inibi
667 1390 828 1473 degentes,
852 1391 958 1455 tribus
986 1390 1125 1473 exceptis
1149 1410 1221 1474 quae
1249 1389 1400 1453 omnibus

298 1493 481 1556 communia
502 1500 590 1571 sunt,
606 1490 737 1571 scilicet,
753 1492 964 1575 expeditione,
979 1492 1088 1575 pontis
1109 1492 1227 1556 arcisve
1240 1499 1399 1555 restaura-

297 1596 403 1659 tione:
420 1604 529 1659 tamen
540 1594 623 1658 nulli
632 1594 792 1659 debitores
803 1595 870 1657 sint
880 1594 916 1659 in
926 1596 996 1679 rogi
1011 1595 1257 1673 constructione,
1267 1594 1399 1677 eoquod

299 1698 529 1761 monasterium
545 1696 606 1760 hoc
621 1718 701 1780 opus
714 1696 859 1781 indigere
870 1698 1026 1762 novimus.
1059 1700 1095 1763 si
1104 1699 1198 1776 forte,
1209 1697 1294 1781 quod
1304 1697 1398 1777 absit,
1413 1722 1416 1725 ⁴

299 1800 381 1863 hanc
399 1808 543 1863 nostram
561 1798 768 1862 donationem
783 1800 941 1883 quispiam
957 1800 1123 1864 annullare
1136 1801 1350 1883 temptaverit,
1366 1809 1400 1864 et

300 1900 340 1965 ad
354 1901 466 1965 libitus
483 1900 626 1984 proprios
648 1889 831 1980 deflectere,
842 1902 922 1966 sciat
937 1924 971 1965 sc
985 1902 1169 1985 aequissimo
1184 1902 1286 1985 judici
1300 1904 1398 1965 ratio-

299 2023 375 2065 nem
388 2002 599 2081 redditurum,
616 2001 786 2086 clangente
800 2004 880 2067 tuba
891 2004 1074 2088 archangeli
1086 2012 1228 2068 extremo
1242 2006 1399 2085 examine,

299 2105 356 2169 uhi
371 2104 475 2168 omnis
490 2104 622 2187 equitas
637 2113 670 2168 et
678 2105 817 2187 justitia,
827 2106 958 2170 Christo
969 2106 1144 2189 judicante,
1157 2106 1282 2170 cunctis
1295 2107 1399 2171 mani·

299 2205 479 2270 sectabitur.

344 2310 415 2392 Ego
439 2308 632 2373 AE'delredus
649 2330 714 2373 rex
738 2309 919 2392 Anglorum
947 2309 1032 2372 hanc
1054 2310 1237 2373 libertatem
1259 2309 1400 2374 concedo

301 2412 473 2496 saepedicto
509 2411 705 2476 monasterio
737 2408 797 2473 sub
830 2410 978 2494 episcopo
1009 2432 1232 2495 quemcunque
1267 2411 1400 2496 elegerit

301 2534 425 2599 semper
447 2513 597 2598 regendo,
613 2520 646 2577 et
669 2512 834 2596 signaculo
857 2520 977 2578 sancta
999 2513 1103 2578 crucis
1126 2514 1270 2596 *1⁴hanc
1293 2516 1399 2579 muni-

300 2617 461 2680 ficentiam
492 2617 655 2700 consigno,
680 2605 788 2678 coram
812 2615 864 2678 his
886 2615 1032 2679 testibus.
1093 2619 1133 2697 ›1‹
1150 2619 1222 2699 Ego
1247 2618 1401 2682 AElfiicus

300 2719 555 2803 archiepiscopus
576 2719 638 2782 hoc
653 2709 782 2782 donum
802 2716 879 2780 data
898 2717 998 2781 michi
1019 2718 1242 2782 benedictione
1264 2721 1398 2784 firmari.

301 2824 341 2902 ›1‹
358 2823 429 2904 Ego
452 2820 587 2884 Ealdulf
612 2817 867 2902 archiepiscopus
897 2818 1001 2882 libens
1029 2819 1094 2882 fari
1123 2828 1219 2902 atque
1242 2823 1399 2886 consensi.

302 2927 341 3006 ›1‹
363 2925 434 3006 Ego
454 2923 623 2986 Wlstauu‘s
637 2920 814 3003 'episcopus
842 2920 903 2984 hoc
928 2920 1014 2984 idem
1040 2922 1203 2986 affirmavi.
1267 2927 1307 3006 *1⁴
1328 2927 1400 3008 Ego

300 3025 499 3108 AElpheegus
524 3023 690 3106 episcopus
714 3043 905 3085 consensum
928 3023 1062 3105 praebui.
1113 3027 1152 3106 ›1‹
1168 3026 1240 3107 Ego
1256 3027 1400 3091 Wlsinus

301 3126 467 3210 episcopus
481 3125 543 3188 hoc
554 3145 662 3187 meum
678 3122 870 3186 desiderium
886 3123 926 3187 ad
941 3123 1118 3206 perfectum
1137 3147 1240 3209 usque
1255 3130 1399 3212 perduxi.

302 3232 342 3310 ιιι
359 3230 430 3309 Ego
444 3226 616 3290 AElfwinus
639 3225 804 3308 episcopus
826 3225 921 3288 hilari
945 3234 1054 3289 mente
1076 3229 1227 3291 concessi.
1272 3234 1312 3312 ›1‹
1330 3233 1401 3315 Ego

302 3327 488 3394 AEtielward
511 3328 577 3391 dux
600 3335 764 3410 gratanter
789 3327 1000 3391 corroboravi.
1055 3332 1095 3410 ιχ(
1111 3331 1182 3413 Ego
1200 3331 1313 3396 AElfric
1336 3335 1401 3397 dux

245 3475 247 3478 -
301 3438 533 3495 consentaneus
556 3429 613 3492 fui.
660 3432 699 3511 ›1‹
716 3431 787 3511 Ego
803 3429 940 3512 AElfsige
964 3427 1072 3493 abhas.
1135 3434 1173 3512 ·1‹
1189 3435 1260 3516 Ego
1274 3437 1401 3520 Wlsgar

302 3532 408 3598 abbas.
482 3535 521 3614 ›1‹
538 3533 609 3614 Ego
633 3531 760 3596 Lcofric
785 3530 893 3595 abbas.
957 3535 997 3613 ›1‹
1017 3534 1088 3616 Ego
1112 3533 1268 3600 Godwine
1291 3538 1399 3603 abbas.

304 3639 342 3717 *1⁴
358 3637 430 3718 Ego
444 3635 623 3699 AE'delmaer
636 3634 793 3697 minister.
849 3637 889 3715 ›1‹
906 3634 1028 3698 Ordulf
1037 3636 1191 3701 minister.
1238 3643 1278 3722 »Β
1295 3641 1400 3704 Wulf.

300 3746 354 3822 get
371 3737 526 3800 minister.
564 3739 604 3818 *1⁴
623 3736 796 3800 Brihtmaer
807 3737 966 3801 minister.
1011 3740 1051 3818 ›1‹
1065 3739 1229 3805 Leofwinc
1244 3742 1400 3807 minister.

304 3845 343 3924 ›1‹
360 3840 502 3906 Brihtric
517 3838 672 3902 minister.
720 3841 759 3920 ›1‹
776 3838 934 3902 Wulfnod
951 3839 1108 3904 minister.

608 4141 971 4152 Q
985 4147 1011 4153 .-
1022 4148 1045 4154 ...
1069 4149 1096 4155 -.
