3234 5125
300 436 353 491 aaa
578 430 901 491 manumissore
919 397 1132 487 campens.

299 604 383 671 sicut
397 627 465 670 non
478 604 601 669 incerta
614 603 770 669 relatione
784 601 996 688 quorumdam
1012 599 1233 684 episcoporum
1248 618 1405 677 meorum,

299 706 401 773 immo
415 714 449 773 et
462 708 562 792 ipsius
577 706 727 792 Aylwyni
741 704 848 769 didici.

344 811 452 895 Igitur
489 810 644 875 diuturno
676 830 713 873 ac
749 806 908 872 laborioso
940 804 1087 870 omciatu
1118 802 1258 889 podagre
1290 804 1408 888 pedum

301 935 434 979 suornm
463 912 642 998 praedictus·
661 910 796 975 illustris
825 908 875 974 vir
902 908 1081 994 Aylwynus
1115 906 1228 971 multis
1260 907 1409 971 laborans

302 1016 405 1097 annis,
420 1036 588 1101 usquequo
607 1036 671 1079 nox
689 1013 781 1077 affuit
801 1012 967 1077 salutifera
985 1011 1021 1075 in
1039 1032 1104 1095 qua
1121 1008 1261 1094 piscator
1278 1008 1407 1094 qnidam

301 1118 412 1203 ipsius,
427 1118 484 1204 qni
497 1118 622 1202 Wlfget
635 1116 819 1195 vocabatur,
835 1136 909 1180 cum
932 1114 1076 1177 carinula
1090 1120 1124 1176 et
1139 1112 1267 1177 asseclis
1283 1112 1358 1191 suis,
1374 1120 1408 1177 et

301 1214 381 1300 lino,
400 1242 517 1305 aquam
546 1241 608 1303 que
630 1219 768 1303 Anglico
786 1216 918 1281 nomine
943 1216 1183 1281 Rammesmere
1203 1214 1332 1295 dicium,
1357 1214 1407 1279 in-

301 1345 429 1407 gressus
448 1329 507 1402 est,
525 1323 647 1408 piscem
660 1321 809 1386 videlicet
826 1320 931 1403 gratia
950 1318 992 1382 ad
1010 1340 1106 1381 usum
1127 1318 1249 1383 domini
1269 1318 1319 1381 sui
1336 1339 1407 1401 pre·

302 1426 380 1491 dicti
407 1449 470 1491 usu
495 1433 649 1491 consueto
675 1423 875 1509 adquirendi.
922 1422 1014 1485 Sicut
1039 1422 1148 1505 itaque
1170 1429 1304 1486 noverat
1328 1422 1408 1513 velle

301 1526 424 1592 domini
446 1527 498 1591 sui
520 1536 590 1592 rete
615 1547 674 1591 sno
697 1525 809 1589 sedulo
832 1524 896 1589 huc
919 1530 953 1587 et
978 1522 1056 1587 illuc
1077 1523 1262 1607 proiciendo
1287 1522 1407 1608 aliquid

300 1650 413 1714 capere
434 1630 617 1709 nitebatur3
648 1628 706 1693 sed
731 1648 770 1692 ex
792 1625 1065 1711 predestinatione
1090 1626 1154 1691 Dei
1177 1626 1406 1710 omnipotentis

300 1730 421 1795 frustm
435 1732 593 1810 laborans,
608 1737 642 1795 et
658 1730 790 1794 tandem
809 1729 946 1813 piscario
963 1728 1072 1793 labore
1089 1728 1228 1793 nimium
1235 1729 1406 1813 fatigatus,

301 1836 337 1899 in
352 1836 497 1900 carinula
511 1858 570 1900 sua
583 1844 750 1920 soporatus
769 1834 975 1913 obdormivit,
991 1834 1045 1899 oui
1061 1837 1200 1899 Sanctus
1214 1834 1249 1898 in
1264 1835 1405 1918 sompnis

301 1939 450 2022 apparuit
478 1937 524 2003 sic
547 1937 643 2003 fando
666 1937 880 2002 Benedictus:
912 1939 1073 2002 “Aurora
1093 1946 1264 2023 spargente
1284 1938 1405 2021 polum,

301 2049 396 2105 tuum
421 2041 539 2106 eiciens
564 2049 694 2125 tragum
715 2040 918 2105 multitudini
940 2042 1078 2125 copiose,
1099 2042 1166 2105 voti
1187 2062 1328 2125 compos,
1348 2041 1405 2106 ob·

302 2143 404 2207 viabis
418 2144 574 2227 piscium3
597 2150 764 2227 captorum
778 2143 888 2227 itaque
906 2143 1042 2227 piscium
1059 2144 1224 2227 majorem,
1240 2164 1336 2227 quem
1350 2162 1406 2206 vos

301 2245 408 2310 hakcd
424 2246 626 2331 nuncupatis,
638 2246 797 2332 Aylwyno
808 2247 940 2311 domino
954 2254 1012 2311 tuo
1027 2268 1065 2312 ex
1076 2269 1149 2312 mea
1159 2254 1251 2331 parte
1259 2246 1405 2325 offerens,

301 2348 388 2414 dices
410 2349 452 2427 ei,
471 2356 508 2412 nt
530 2370 636 2413 meam
657 2349 863 2413 donationem
885 2347 1023 2433 benigne
1045 2371 1220 2429 assumens,
1239 2350 1290 2434 pie
1310 2348 1406 2413 matri

301 2452 518 2517 misericordie
542 2460 577 2516 et
605 2451 687 2516 mihi
709 2451 924 2536 omnibusque
950 2452 1048 2516 sacris
1073 2452 1260 2537 virginibus,
1286 2452 1322 2515 in
1346 2452 1406 2517 hac

301 2556 418 2634 irnula,
440 2554 681 2633 monesterium,
703 2553 936 2619 monachornm
960 2554 1203 2636 habitationem,
1234 2577 1309 2620 cum
1337 2556 1405 2620 offi-

244 2688 248 2695 ·
301 2659 384 2722 cinis
400 2659 588 2723 necessariis
609 2678 800 2742 congruum,
821 2657 891 2722 sine
911 2658 1065 2723 dilatione
1085 2659 1214 2724 studeat
1231 2659 1404 2734 lubricam

301 2770 339 2825 ut
367 2761 398 2825 ei
425 2761 527 2845 igitur
555 2761 615 2824 hcc
642 2761 753 2824 omnia
776 2759 1007 2843 perordinem
1036 2761 1220 2826 innotescas
1244 2762 1405 2840 exhortor,

301 2883 481 2927 sermonem
507 2862 627 2927 addens
647 2862 787 2927 sermoni
807 2863 959 2946 quatinus
982 2871 1144 2929 scrutetur
1164 2863 1352 2948 diligencius
1370 2865 1404 2927 in

302 2967 373 3031 loco
395 2965 538 3050 predicto
558 2966 718 3048 quomodo
737 2972 838 3028 noctu
855 2964 937 3028 fessa
950 2973 1037 3029 terre
1055 2987 1113 3030 sua
1129 2966 1319 3031 incumbant
1336 2967 1405 3030 ani-

301 3068 409 3145 malia,
425 3075 459 3130 at
472 3067 530 3131 ubi
544 3073 674 3130 taurum
689 3076 874 3151 surgentem
889 3067 970 3151 pede
984 3067 1097 3133 dextro
1112 3069 1227 3133 viderit
1241 3078 1405 3154 percutere

303 3181 433 3249 terram,
447 3169 570 3234 ibidem
587 3169 797 3252 proculdubio
814 3170 1004 3235 xenodochii
1024 3172 1103 3234 sciat
1127 3193 1161 3236 se
1179 3193 1266 3236 aram
1284 3172 1406 3255 erigere

302 3271 427 3336 debere.
472 3272 517 3335 Et
534 3279 572 3334 ut
591 3278 700 3334 mente
717 3273 937 3356 perspicatiori
957 3281 991 3338 et
1008 3274 1071 3338 fide
1091 3275 1301 3338 constantiori
1325 3275 1405 3338 meis

295 3373 365 3437 hiis
395 3372 508 3436 credat
533 3373 702 3453 mandatis,
725 3374 812 3438 hunc
840 3383 934 3438 tuum
965 3376 1025 3440 tibi
1060 3377 1251 3442 exteriorem
1275 3378 1406 3442 incurvo

303 3475 451 3560 digitum,
467 3496 563 3559 quem
580 3482 614 3539 et
631 3475 698 3558 ipse
719 3497 795 3539 mox
816 3499 835 3540 a
856 3497 941 3540 nexu
960 3478 1100 3562 podagre
1117 3480 1252 3558 solutus,
1272 3487 1304 3544 et
1322 3481 1405 3564 signi

302 3577 447 3644 certioris
459 3577 581 3660 judicio
595 3578 763 3642 roboratus
779 3578 841 3642 tibi
855 3579 959 3662 erigat
973 3581 1223 3664 reparandum.'’

346 3679 513 3745 Prodictus
531 3681 633 3763 igitur
647 3681 843 3764 piscatorum
867 3679 1060 3760 didasculus,
1080 3683 1145 3747 hiis
1167 3683 1286 3748 auditis
1308 3684 1406 3766 evigi-

302 3785 382 3862 lans,
397 3782 542 3866 lucisque
557 3783 620 3846 diei
640 3782 800 3866 spiculum
816 3783 850 3845 in
865 3783 989 3848 oriente
1003 3784 1212 3869 conspiciens,
1227 3787 1262 3849 in
1278 3808 1404 3870 aquam,

301 3888 386 3951 sicut
400 3885 461 3949 sibi
483 3887 612 3969 jussum
635 3885 751 3962 fuerat,
766 3892 896 3967 tragum
919 3907 1013 3950 suum
1028 3887 1136 3952 laxare
1151 3889 1246 3973 cepit,
1263 3897 1305 3968 et,
1322 3890 1406 3954 sicut

301 3997 431 4053 sanctus
445 3996 535 4072 pater
543 3987 734 4070 predixerat,
745 3986 906 4070 copiosam
917 3989 1160 4054 multitudinem
1174 3991 1311 4075 piscium
1326 4015 1402 4056 con-

301 4091 407 4168 clusit,
420 4110 557 4173 quorum
581 4089 737 4172 majorem
763 4088 895 4171 eligens,
917 4111 956 4154 ex
982 4100 1072 4176 parte
1096 4094 1207 4158 Sancti
1223 4094 1404 4174 Benedicti,

301 4211 376 4259 eum
390 4192 522 4257 domino
537 4213 596 4255 suo
604 4192 734 4269 obtulit,
743 4191 838 4275 eique
852 4194 1031 4279 omniaque
1044 4196 1080 4259 in
1095 4197 1236 4281 sompnis
1248 4196 1405 4263 didicerat

300 4296 462 4372 revelavit,
486 4293 688 4378 digitumque
713 4315 809 4358 suum
832 4317 851 4359 a
875 4306 987 4362 sancto
1010 4299 1213 4364 incurvatum
1236 4309 1274 4365 ut
1297 4303 1403 4384 erigat

300 4399 415 4464 obnixe
438 4397 571 4480 rogavit.
626 4398 699 4464 Qus
721 4397 830 4462 omnia
854 4408 962 4466 mente
985 4402 1092 4486 sagaci
1115 4403 1298 4487 concipiens
1322 4405 1401 4489 Ayl-
