3234 5125
494 464 815 522 ursonnniunous
833 467 1047 522 ornamus.
1288 469 1323 521 ro
1430 430 1434 436 ⁴

217 634 421 720 Adelwal[d]
441 637 610 722 episcopus
626 642 678 720 tls.
739 637 924 703 Ceobberht
945 639 1113 723 episcopus
1129 643 1180 721 »1«.
1236 639 1321 703 Red-

218 737 299 800 uuin
320 738 488 824 episcopus
504 743 556 821 »1«.
625 739 793 806 Eadberbt
819 741 985 824 episcopus
1001 745 1054 823 ᾧ.
1116 741 1239 806 Iladnlf
1254 742 1320 826 epi-

217 861 332 924 scopus
348 845 400 923 tls.
466 843 616 909 Wihtred
640 844 738 909 abbas
754 848 805 926 »1«.
874 843 977 929 Syred
998 844 1063 908 dux
1079 849 1130 927 »1«.
1197 845 1326 909 Eadwlf

217 943 282 1006 dux
298 947 350 1025 tls.
425 944 593 1011 Eadberht
622 945 687 1010 dux
704 950 756 1030 tls.
802 946 961 1010 Ealhstan
978 951 1030 1029 »1«.
1111 947 1252 1012 Ealdred
1268 950 1319 1030 ιιι,

217 1044 364 1110 Eadbald
380 1051 431 1129 »1«.
478 1049 514 1111 Si
541 1049 614 1132 quis
636 1069 721 1127 vero,
740 1047 828 1133 quod
847 1048 942 1127 absit,
964 1048 1048 1113 hanc
1066 1049 1320 1114 munificentiam

217 1147 365 1230 frangere
380 1149 596 1232 temptaverit,
612 1150 693 1215 sciat
711 1172 745 1214 se
765 1149 1074 1215 anathematizatum
1091 1151 1152 1236 [et]
1173 1151 1215 1216 ab
1229 1151 1320 1215 omni

217 1249 354 1314 sinodali
376 1252 529 1317 societate
551 1262 747 1337 separatum,
769 1252 833 1316 nisi
859 1259 934 1317 ante
957 1253 1173 1318 satisfactione
1195 1255 1266 1318 Deo
1288 1264 1321 1317 et

217 1352 403 1418 hominibus
418 1354 645 1420 emendaverit.

415 1813 662 1870 ARCIIBISHOP
680 1812 883 1870 WULFRED.
920 1814 1120 1872 DCOCXXV.
1228 1803 1232 1813 ’

263 1966 303 2044 ›1‹
319 1964 421 2050 Anno
435 1983 510 2026 vero
531 1961 721 2027 Dominicae
740 1960 974 2026 incarnationis
1000 1982 1179 2043 ccccxxv„
1201 1965 1319 2030 Indici.

219 2075 288 2145 111⁸,
307 2065 345 2129 de
363 2065 495 2130 diversis
512 2063 670 2128 Saxoniae
685 2062 832 2147 partibus
851 2072 1084 2147 congregatum
1104 2074 1154 2130 est
1168 2068 1320 2152 synodale

218 2167 390 2232 concilium
411 2167 447 2231 in
468 2167 539 2232 loeo
560 2165 704 2250 preclaro
733 2186 806 2249 quae
826 2166 1014 2230 nominatur
1034 2174 1078 2232 ast
1101 2168 1318 2250 Olofeshoum,

218 2269 408 2352 praesidente
440 2277 550 2333 autem
583 2267 660 2332 huic
690 2267 865 2332 venerabili
896 2269 1032 2333 coneilio
1063 2271 1222 2337 Uulfredo
1252 2295 1320 2337 arc·

217 2372 376 2455 episeopo,
399 2393 483 2435 anno
513 2377 568 2434 xx⁰
590 2371 792 2454 episcopatus
819 2371 888 2448 sui3
919 2393 977 2436 seu
1002 2371 1100 2437 etiam
1123 2375 1321 2441 Beornuulfo

216 2474 286 2556 regi
301 2473 509 2552 Marciorum,
526 2473 791 2557 ann0111⁰regni
811 2461 892 2556 ejus,
909 2474 1098 2558 eaeterisque
1118 2477 1274 2564 episcopia
1289 2490 1322 2543 et

218 2574 397 2655 abbatibus,
412 2596 541 2641 necnon
561 2582 595 2639 et
620 2575 767 2653 ducibus,
789 2576 1001 2660 omniumque
1021 2578 1216 2661 dignitatum
1237 2584 1321 2666 opti·

219 2678 368 2758 metibus,
395 2679 682 2744 ecclesiasticarum
704 2678 755 2743 vel
780 2678 982 2742 naeeuaaum
1012 2701 1195 2764 personum,
1221 2686 1321 2749 eccle-
1443 2734 1448 2741 .

217 2781 337 2846 siarum
352 2782 415 2846 Dei
429 2782 606 2847 utilitatem
625 2788 659 2845 et
676 2780 902 2845 necessitatem
921 2789 1099 2846 tractantes
1119 2792 1216 2868 atque
1234 2808 1320 2851 scru-

218 2892 334 2965 tantes,
357 2884 655 2968 monasterialisquc
676 2884 751 2947 vitre
775 2883 921 2965 regulam
942 2891 976 2947 et
997 2883 1242 2967 observantiam,
1264 2911 1322 2953 seu

218 2988 316 3051 etiam
338 2987 585 3071 generositatem
606 2986 880 3070 stabilitatemque
900 2986 994 3069 regni
1013 2989 1174 3053 terrestris
1193 2992 1321 3055 consili·

218 3098 308 3154 antes
338 3112 374 3155 ae
399 3096 589 3173 quarentes.
643 3089 736 3152 Inter
764 3110 804 3153 ea
832 3087 932 3152 etiam
956 3088 996 3152 ab
1022 3089 1172 3155 omnibns
1196 3093 1265 3157 illic
1287 3096 1321 3157 in

218 3191 328 3255 eadem
350 3192 472 3277 synodo
493 3190 707 3256 residentibus
729 3191 928 3255 trutinatum
950 3212 987 3255 ac
1009 3193 1181 3275 quesitum
1199 3196 1322 3263 firerat:

220 3294 301 3361 Quis
315 3316 389 3359 cum
401 3293 529 3379 justitia
544 3301 576 3359 et
592 3294 744 3378 aequitate
754 3302 963 3357 conservatus
977 3294 1090 3359 fuisset
1098 3321 1108 3373 ς
1132 3296 1204 3380 quis
1214 3308 1323 3363 autem

219 3419 292 3462 cum
318 3397 479 3482 injustitia
504 3403 537 3460 et
560 3396 714 3460 violentia
737 3394 906 3461 fraudatus
931 3396 1182 3481 dispoliatnsque
1208 3400 1243 3463 in
1265 3424 1324 3466 sua

218 3522 352 3585 persona
367 3500 469 3565 fieret.
515 3498 728 3564 Tandundem
742 3519 819 3562 vero
838 3499 925 3562 inter
940 3498 1074 3562 aliarum
1093 3500 1324 3568 allocutionum

219 3603 314 3668 verba
324 3603 519 3686 patefactum
530 3608 590 3679 est,
603 3600 689 3684 quod
700 3601 855 3684 praefatus
865 3600 1123 3686 archiepiscopus
1135 3604 1322 3687 Uulfredus,

219 3726 275 3789 per
296 3704 500 3769 inimicitiam
520 3711 553 3767 et
571 3703 758 3768 violentiam
782 3703 1014 3787 avaritiamque
1035 3706 1209 3770 Coenwnlfi
1228 3710 1323 3793 regis,

219 3807 285 3870 sive
300 3828 380 3890 quae
395 3807 447 3871 hic
461 3807 497 3869 in
512 3812 623 3870 nostra
639 3806 768 3889 propria
785 3813 881 3889 gente
899 3816 1029 3889 peracta
1045 3817 1133 3887 sunt,
1149 3831 1207 3874 seu
1224 3813 1323 3877 etiam

220 3910 306 3973 ultra
320 3930 408 3973 mare
424 3908 465 3973 ad
479 3908 570 3972 illam
585 3908 792 3993 apostolicam
807 3908 927 3987 sedem,
943 3930 1001 3993 per
1015 3910 1085 3994 ejus
1094 3911 1280 3996 jussionem,
1291 3925 1324 3981 et

220 4012 440 4076 inmissionem
462 4010 677 4075 adlatarum.
732 4011 805 4075 Hoc
827 4020 877 4075 est
893 4033 968 4075 vero
984 4013 1072 4096 quod
1090 4013 1122 4076 in
1139 4016 1325 4082 testimonio

219 4115 321 4181 totius
331 4114 442 4200 populi
457 4114 545 4178 omni
560 4113 779 4179 dominatione
792 4114 922 4197 propria
934 4115 1077 4198 privatus
1087 4124 1146 4194 est,
1158 4118 1208 4180 vel
1223 4119 1258 4181 in
1272 4119 1325 4184 his

220 4219 329 4283 liberis
354 4216 557 4281 monasteriis
580 4223 632 4281 aet
656 4218 912 4301 Sudmynstre]
938 4223 981 4282 set
1004 4217 1147 4282 Raeculfo
1173 4222 1323 4286 omnibus

220 4320 316 4385 rebus
341 4342 378 4385 ac
401 4318 652 4403 possessionibus
677 4340 748 4402 quoe
771 4318 811 4381 ad
833 4318 905 4382 illos
926 4318 1130 4401 pertinebant
1159 4342 1233 4384 eum
1255 4325 1322 4388 vio·

221 4424 322 4489 lentia
348 4445 384 4487 ac
410 4421 585 4505 rapacitate
610 4420 753 4503 ejusdem
778 4421 918 4503 praefatae
940 4421 1025 4503 regis
1048 4422 1242 4506 despoliatus
1263 4437 1322 4492 est.
