3234 5125
488 433 811 490 MISOELLANEOUS
830 435 1045 492 CHARTERS.
1269 439 1322 490 443

214 623 275 685 ego
296 603 467 668 wlstanus
491 605 728 690 Uuigomensis
750 607 902 672 aecclesiae
925 607 1073 672 Prelatus
1091 607 1236 686 antistes,
1260 629 1320 672 aec-

214 705 344 770 clesiam
359 706 454 770 sitam
466 708 501 770 in
510 708 586 772 vulla
595 730 658 792 que
667 717 799 773 vocatur
810 709 1009 788 Uuestbiria,
1021 709 1144 774 abacto
1153 709 1321 774 Osuualdo

215 808 376 892 quondam
392 818 621 889 constructam,
637 820 670 876 et
685 811 779 876 terris
795 820 828 876 et
843 812 958 896 opibus
972 821 1006 877 et
1019 813 1185 878 monachis
1198 811 1321 877 ibidem

216 911 287 976 Deo
313 913 524 978 servientibus
553 913 803 981 honorificenter
822 915 1017 1000 jampridem
1039 915 1184 995 ditatam,
1208 924 1321 1000 postea

215 1035 290 1077 vero
305 1035 324 1077 a
338 1014 451 1098 piratis
466 1014 675 1096 devastatam,
692 1025 725 1082 et
733 1024 896 1083 vetustate
910 1026 943 1082 et
957 1019 1203 1103 praepositorum
1216 1019 1320 1102 negli-

215 1116 324 1198 gentia
341 1117 548 1197 destructam,
565 1119 605 1183 ad
627 1119 756 1184 laudem
778 1121 881 1206 ipsius
895 1121 1031 1186 Domini
1044 1130 1079 1186 et
1093 1121 1319 1207 Redemptoris

215 1219 317 1282 nostri
329 1221 350 1282 J
351 1241 410 1284 esu
421 1221 553 1301 Christi,
564 1222 697 1306 ejusque
711 1232 829 1288 sanctae
844 1224 1011 1307 genitricis
1020 1225 1147 1290 Mariae
1158 1224 1318 1289 omnium·

214 1343 277 1405 que
303 1324 531 1407 apostolorum,
551 1326 660 1390 studui
678 1347 837 1410 reparare.
882 1328 926 1391 Et
946 1328 1021 1409 quia
1046 1335 1134 1392 terra
1154 1350 1226 1412 quse
1245 1329 1318 1413 jure

215 1425 256 1488 ad
281 1426 456 1492 aecclesiam
484 1429 676 1512 pertinebat,
700 1429 855 1512 impedita
877 1438 912 1494 et
937 1430 1063 1513 direpta
1091 1439 1161 1495 crat
1184 1453 1205 1494 a
1228 1431 1317 1495 laicis

214 1529 407 1611 hominibus,
423 1531 506 1596 inito
527 1533 717 1616 congruenti
732 1532 878 1610 consilio,
894 1533 1015 1598 auxilio
1033 1533 1192 1598 bonorum
1214 1533 1317 1598 homi-

214 1653 303 1712 num,
320 1641 444 1717 partem
459 1635 617 1718 praedictoe
631 1643 737 1714 terrae,
753 1634 849 1717 legali
861 1635 936 1719 jure
945 1643 1177 1718 recuperatam,
1193 1643 1318 1718 partem

213 1737 350 1819 pecimie
372 1759 453 1802 meae
482 1738 680 1822 redemptam
708 1738 833 1822 praetio,
860 1738 928 1822 juri
958 1745 991 1802 et
1020 1737 1137 1802 ditioni
1165 1738 1317 1804 aecclesiae

213 1839 351 1920 restitui,
374 1841 506 1920 scilicet,
532 1863 570 1906 11.
593 1840 684 1905 hidas
709 1849 743 1906 et
768 1840 936 1924 dimidiam
960 1840 1071 1904 hidam
1094 1848 1128 1905 et
1151 1841 1316 1905 dimidiam

212 1941 335 2025 virgam
360 1943 396 2005 in
411 1943 610 2022 Uuestbiria,
633 1951 758 2027 partem
782 1943 882 2007 etiam
904 1952 999 2009 terrae
1016 1965 1088 2027 quae
1114 1944 1318 2008 concluditur

212 2044 336 2108 ambitu
350 2045 451 2130 ipsius
465 2047 661 2125 monasterii,
672 2054 705 2111 et
720 2066 781 2110 vn.
798 2067 887 2110 acras
902 2053 998 2110 temoe
1012 2045 1048 2108 in
1063 2045 1212 2111 orientali
1227 2053 1317 2129 parte

212 2149 409 2227 monasterii,
432 2157 556 2232 partem
587 2169 713 2233 quoque
743 2147 866 2212 silvulae
894 2148 1054 2231 AEscgraf,
1083 2156 1117 2212 et
1145 2169 1206 2212 111.
1228 2169 1318 2213 acras

211 2251 305 2334 prati,
329 2251 447 2315 liberas
470 2251 544 2316 dedi
579 2251 619 2316 ab
648 2252 738 2316 omni
766 2250 890 2315 tributo
919 2258 952 2315 et
981 2251 1141 2334 vectigali,
1165 2251 1317 2336 omnique

212 2353 341 2418 servitio
364 2354 464 2438 regali
484 2361 517 2418 et
535 2354 717 2438 episcopali,
733 2374 792 2437 pro
814 2352 956 2417 remedio
975 2352 1092 2417 animae
1108 2374 1200 2433 meae,
1216 2362 1250 2419 et
1266 2376 1316 2418 re·

212 2454 396 2539 demptione
420 2457 600 2522 animasum
624 2456 770 2520 omnium
799 2455 1021 2540 episcoporum
1048 2455 1316 2540 praedecessorum

212 2557 277 2623 sive
292 2581 511 2624 successorum
526 2582 682 2639 meorum,
699 2561 894 2644 quicumque
911 2559 995 2623 hanc
1009 2569 1155 2625 nostram
1169 2561 1315 2625 clemosi-

212 2683 286 2725 nam
313 2662 436 2727 illcsam
459 2663 664 2742 servaverint,
683 2670 739 2728 aut
761 2664 796 2727 in
816 2663 925 2746 aliqua
945 2684 981 2726 re
998 2663 1145 2745 augendo
1167 2664 1315 2727 emenda·

211 2765 327 2829 verint.
374 2766 470 2830 Hanc
484 2765 668 2830 libertatem
683 2766 755 2831 ideo
769 2764 854 2844 dedi,
866 2766 951 2848 quia,
960 2764 1022 2829 hac
1036 2772 1121 2829 terra
1136 2775 1269 2850 excepta
1282 2774 1315 2830 et

211 2868 313 2933 libera
339 2875 559 2952 permanente,
586 2890 682 2935 omne
711 2868 818 2951 regale
846 2868 1025 2947 servitium,
1055 2868 1140 2953 quod
1166 2868 1207 2931 de
1235 2869 1316 2932 meis

210 2971 513 3056 circumjacentibus
538 2972 633 3035 terris
654 2973 730 3055 jure
749 2970 896 3050 debetur,
914 2970 1034 3054 expleri
1055 2977 1172 3053 potest,
1193 2977 1227 3035 et
1243 2992 1315 3055 per-

210 3075 398 3140 solvendum
412 3074 514 3139 locavi
535 3082 568 3138 et
583 3075 692 3138 statui.
738 3074 780 3139 In
797 3073 976 3138 Heanbiria
991 3073 1100 3152 ctiam,
1116 3074 1199 3138 etin
1215 3076 1313 3139 Ceor-

211 3177 331 3256 latune,
355 3185 389 3241 et
410 3178 445 3240 in
464 3177 570 3241 Uuica
588 3197 626 3241 11.
649 3176 742 3240 hidas
766 3182 798 3240 et
816 3176 983 3240 dimidiam
1003 3175 1125 3255 hidam,
1146 3184 1180 3239 et
1195 3197 1313 3240 xxvrsr.

204 3302 299 3345 acras
322 3290 416 3345 terrae
425 3307 434 3358 ς
458 3280 617 3345 aecclesias
633 3300 759 3363 quoque
778 3278 815 3342 in
832 3279 990 3344 Henbiria
1004 3286 1037 3343 et
1056 3278 1092 3341 in
1114 3268 1223 3357 stoke,
1240 3267 1315 3343 cum

210 3383 361 3448 omnibus
380 3383 523 3461 decimis,
539 3390 608 3446 tam
622 3382 662 3446 de
677 3381 824 3465 fiugibus
840 3403 936 3465 quam
952 3382 991 3445 de
1005 3379 1180 3462 pecudibus
1194 3380 1260 3446 sive
1274 3381 1315 3445 de

210 3487 374 3566 armentis,
391 3486 540 3549 similiter
553 3485 671 3549 liberas
686 3484 727 3549 ab
749 3484 841 3549 omni
862 3484 1017 3549 servitute
1031 3484 1132 3567 regali
1147 3492 1181 3548 et
1194 3484 1314 3568 episco-

209 3590 284 3673 pali,
300 3588 452 3666 concessi,
470 3588 553 3652 sieut
571 3608 697 3671 semper
719 3587 829 3653 liberm
854 3589 986 3652 luerunt
1009 3587 1050 3652 ab
1070 3588 1211 3672 antiquis
1231 3595 1313 3651 tem-

208 3692 350 3776 poribus.
397 3692 439 3757 In
455 3691 636 3755 Bereuuioa
658 3691 757 3755 etiam
773 3713 796 3755 1.
814 3691 925 3754 hidam
943 3699 978 3756 et
996 3690 1165 3754 dimidiam
1185 3690 1313 3770 hidam;

209 3794 300 3859 etin
324 3794 515 3859 Haeseldene
540 3815 563 3857 1.
580 3794 704 3876 virgam
726 3794 873 3873 liberam,
889 3801 997 3877 preter
1022 3794 1108 3877 regis
1132 3794 1312 3859 servitium.

211 3898 281 3962 Has
306 3905 417 3977 terras,
433 3918 507 3962 cum
530 3896 681 3961 omnibus
703 3896 766 3961 sibi
787 3896 1024 3980 pertinentibus
1043 3896 1131 3960 silvis
1148 3904 1182 3959 et
1199 3896 1313 3977 planis,

208 3999 309 4083 pratis
333 4006 366 4063 et
386 4000 523 4084 pascuis,
549 3998 641 4083 aquis
672 4006 706 4063 et
733 3999 915 4083 piscaturis,
942 4008 975 4064 et
1000 4000 1103 4082 ipsam
1125 3996 1313 4076 aecclesiam,

208 4111 241 4175 et
266 4102 312 4167 ibi
336 4103 408 4168 Deo
432 4101 645 4167 servientibus
675 4101 749 4166 dedi
779 4102 821 4166 ad
849 4101 1094 4167 sustentationis
1122 4100 1312 4179 necessaria,

207 4207 379 4290 ipsumque
408 4206 639 4272 monasterium
670 4226 745 4269 cum
774 4203 925 4269 omnibus
958 4203 1055 4268 rebus
1088 4202 1204 4286 quibus
1233 4202 1314 4266 illud

208 4311 318 4391 ditavi,
333 4310 440 4389 terris,
456 4309 666 4388 ornamentis,
682 4317 715 4373 et
730 4308 857 4374 cunctis
877 4305 1099 4373 ecclesiasticis
1114 4306 1313 4385 ministeriis,

209 4417 279 4479 Deo
303 4422 337 4479 et
359 4415 488 4478 Sanctae
503 4412 630 4476 Mariae
653 4411 693 4475 ad
708 4412 970 4496 Uuigornensem
993 4408 1170 4488 ecclesiam,
1190 4409 1311 4472 utilita-
