3234 5125
321 421 373 475 262
592 420 913 476 MISCELLANEOUS
935 418 1150 475 CHARTERS.

322 597 355 653 et
371 590 407 653 in
425 591 503 655 Iesu
517 589 640 656 Christi
659 590 835 656 Salvatoris
852 590 966 655 mundi
983 592 1116 676 ejusque
1132 588 1297 673 genitricis
1311 586 1429 653 Mariae

320 694 530 778 omniumque
553 701 739 758 sanctorum
768 694 989 778 persecutione
1018 702 1158 771 maneat,
1190 698 1223 757 et
1251 700 1325 776 post
1353 693 1429 756 vitae

322 818 389 860 suoe
403 798 579 861 terminum
587 818 662 861 cum
671 798 693 860 J
693 796 759 861 uda
770 796 893 862 Christi
901 797 1065 881 proditore
1076 797 1209 880 ejusque
1221 795 1429 879 complicibus

321 900 440 964 inferni
467 900 599 965 miseria
625 900 759 984 punitus
784 900 934 979 intereat,
959 899 987 963 si
1016 920 1083 963 nou
1109 920 1183 963 cum
1210 898 1429 963 satisfactione

188 1062 197 1079 ,
322 1003 539 1067 emendaverit
553 1002 641 1085 quod
654 1002 804 1086 nequiter
818 1002 992 1087 pejerando
1007 1002 1152 1086 deliquit.

707 1426 848 1482 BISHOP
866 1426 1038 1483 OSWALD.

376 1581 569 1625 molentun
587 1582 782 1625 mensumn
799 1581 842 1624 DE
858 1580 1030 1623 OSWALDES
1047 1578 1174 1623 LAUUns
1191 1579 1367 1623 HUNDRED.

364 1711 506 1776 Domino
520 1732 594 1775 meo
608 1710 788 1789 karissimo,
804 1709 874 1793 regi
882 1708 1064 1793 Anglorum
1076 1708 1215 1792 Edgaro,
1232 1729 1291 1791 ego
1303 1708 1425 1773 Oswal·

320 1812 380 1877 dus
396 1813 633 1897 Uuigornensis
656 1813 789 1877 ecclesie
813 1812 991 1896 episcopus,
1014 1812 1224 1897 omniumque
1247 1832 1310 1894 que
1334 1810 1424 1888 mihi,

318 1937 376 2000 per
391 1916 491 1999 ipsius
510 1916 726 1995 clementiam,
742 1936 916 1995 munerum
930 1914 1051 1979 tradita
1065 1922 1151 1993 sunt,
1168 1913 1253 1997 apud
1268 1914 1374 1979 Deum
1392 1920 1425 1977 et

319 2019 404 2102 apud
429 2019 576 2083 homines
595 2019 715 2102 gratias
735 2040 806 2101 ago.
853 2018 970 2101 Igitur,
992 2018 1019 2081 si
1035 2018 1098 2082 Dei
1112 2016 1331 2081 misericordia
1349 2038 1423 2101 sup-

318 2121 450 2205 peditet,
466 2142 574 2187 coram
588 2122 661 2185 Deo
682 2130 716 2185 et
730 2121 915 2185 hominibus
935 2120 1165 2204 perpetualiter
1179 2120 1209 2185 ei
1227 2119 1330 2184 fidelis
1351 2141 1423 2203 per-

318 2224 466 2302 manebo,
481 2224 700 2302 reminiscens,
715 2245 791 2289 cum
806 2224 984 2306 gratiarum
1000 2223 1137 2303 actione,
1152 2223 1299 2307 largiflue
1312 2222 1423 2307 benig-

317 2327 431 2391 nitatis
445 2328 525 2412 ejus,
541 2327 618 2410 quia
631 2348 689 2410 per
699 2347 789 2391 meos
803 2326 896 2405 illud,
913 2326 1000 2411 quod
1015 2348 1209 2410 magnopere
1224 2325 1422 2410 expetebam,

318 2431 398 2493 mihi
428 2431 587 2495 concessit
611 2429 845 2508 internuncios,
869 2429 903 2493 id
927 2436 986 2507 est,
1010 2428 1306 2509 reverentissimum
1328 2430 1422 2493 Dun-

317 2541 448 2598 stanum
467 2532 752 2617 archiepiscopum,
770 2540 804 2597 et
818 2532 1035 2598 venerandum
1057 2531 1299 2597 Adeluuoldum
1316 2532 1421 2598 Uuin-

284 2678 288 2685 ·
316 2637 405 2701 touie
427 2636 612 2720 episcopum
626 2645 660 2700 ct
673 2637 779 2701 virum
794 2636 1004 2720 magnificum
1020 2636 1240 2700 Brihtnosum
1260 2636 1420 2714 comitem,

316 2761 453 2822 quorum
475 2739 636 2822 legatione
659 2744 693 2803 et
716 2739 877 2823 adjutorio
902 2745 1062 2802 meamet
1084 2747 1194 2802 sancte
1207 2738 1270 2803 Dei
1290 2739 1421 2803 ecclesie

316 2843 480 2926 querelam
494 2841 645 2925 suscepit,
657 2849 691 2904 et
706 2841 883 2906 secundum
898 2842 1069 2906 consilium
1085 2842 1267 2925 sapientum
1286 2849 1319 2906 et
1332 2842 1420 2927 prin-

315 2945 424 3027 cipum
437 2966 570 3008 suorum
581 2947 670 3028 juste
680 2944 875 3023 emendavit,
886 2945 927 3008 ad
937 2951 1160 3008 sustentamen
1171 2945 1312 3024 ecclesie,
1323 2967 1421 3028 quam

315 3046 395 3108 mihi
411 3047 550 3129 benigne
565 3055 599 3110 et
613 3047 717 3111 libens
730 3047 905 3130 regendam
920 3047 1093 3112 commisit.
1133 3048 1250 3126 Quare,
1261 3047 1421 3130 quomodo

314 3149 395 3212 fidos
416 3149 497 3212 mihi
519 3149 666 3212 subditos
688 3150 858 3214 telluribus
873 3170 935 3232 quc
950 3171 1020 3214 mee
1036 3149 1156 3214 tradite
1176 3158 1253 3214 sunt
1267 3151 1421 3234 potestati

313 3272 370 3334 per
384 3253 524 3335 spatium
538 3251 694 3334 temporis
707 3252 811 3316 trium
825 3252 1004 3330 bominum,
1020 3253 1056 3316 id
1070 3261 1130 3332 est,
1146 3253 1284 3318 duorum
1299 3262 1372 3338 post
1386 3275 1420 3320 se

314 3354 480 3432 heredum,
489 3354 715 3432 condonarem,
724 3355 847 3438 placuit
859 3362 926 3418 tam
941 3354 1022 3418 mihi
1037 3377 1134 3439 quam
1149 3355 1227 3439 ipsis
1241 3357 1421 3422 fautoribus

313 3464 347 3520 et
361 3457 553 3521 consiliariis
575 3457 665 3536 meis,
681 3479 756 3522 cum
777 3457 879 3541 ipsius
898 3457 1022 3522 domini
1039 3457 1105 3522 mei
1127 3458 1213 3542 regis
1234 3459 1366 3524 licentia
1387 3467 1420 3524 et

313 3559 529 3639 attestatione,
539 3568 577 3623 ut
591 3559 746 3624 iratribus
760 3561 842 3626 meis
857 3561 1104 3640 successoribus,
1117 3561 1238 3626 scilicet
1252 3563 1420 3647 episeopis,

312 3683 370 3745 per
383 3662 564 3746 cirographi
578 3664 761 3728 cautionem
780 3665 922 3748 apertius
942 3665 1153 3745 enuclearem,
1169 3673 1208 3729 ut
1222 3666 1326 3731 sciant
1341 3667 1419 3751 quid

312 3764 353 3828 ab
367 3765 414 3829 eis
428 3774 618 3850 extorquere
628 3768 718 3850 juste
731 3767 881 3848 debeant,
892 3767 1070 3832 secundum
1084 3769 1330 3835 couventionem
1345 3793 1419 3835 cum

311 3868 357 3932 eis
372 3868 492 3934 factam
510 3878 543 3934 et
558 3870 763 3953 sponsionem
785 3893 877 3936 suam
887 3897 896 3948 ;
920 3871 1006 3936 unde
1026 3879 1059 3935 et
1077 3871 1161 3936 hanc
1183 3875 1360 3957 epistolam,
1376 3876 1419 3940 cb

311 3972 444 4036 cautelae
467 3992 607 4052 causam,
623 3994 816 4057 componere
839 3973 959 4053 studui,
975 3995 1017 4038 ne
1039 3974 1112 4058 quis
1133 3976 1275 4059 maligne
1294 3977 1417 4060 cupidi·

308 4076 388 4140 tatis
408 4076 568 4140 instinctu
589 4076 651 4140 hoc
670 4077 819 4161 sequenti
834 4085 979 4161 tempore
993 4086 1121 4143 mutare
1135 4079 1256 4159 volens,
1271 4079 1418 4164 abjurare

309 4202 329 4242 a
343 4178 473 4245 servitio
488 4179 620 4244 ecclesie
634 4186 742 4262 queat.
782 4180 855 4244 Hec
874 4179 984 4262 itaque
999 4183 1170 4247 conventio
1184 4205 1258 4248 cum
1273 4183 1319 4248 eis
1334 4183 1419 4248 facta

309 4291 369 4360 est,
396 4283 466 4366 ipso
494 4265 632 4346 dominc
661 4305 735 4347 meo
765 4303 841 4366 rege
866 4293 1039 4364 annuente,
1064 4295 1098 4349 et
1124 4309 1183 4351 sua
1210 4289 1418 4352 attestatione

310 4385 530 4449 munificentie
551 4407 608 4450 suc
630 4386 814 4471 largitatem
837 4385 1009 4451 roborante
1025 4395 1057 4452 et
1075 4390 1297 4470 confirmante,
1314 4393 1417 4456 omni·
