3234 5125
476 428 798 488 lssSOELLANthUS
816 432 1029 489 omanus.
1257 436 1310 489 228

199 604 322 688 prefate
338 605 472 670 ecclesie
491 606 527 669 in
543 574 733 689 perpetuam
751 606 940 690 perstrinxit
957 606 1200 690 possessionem.
1239 607 1309 670 Nos

104 783 109 794 ‚
198 707 309 790 itaque
333 708 375 771 ad
398 707 528 771 laudem
557 708 698 772 nominis
728 708 872 788 Domini,
896 716 930 773 et
955 708 996 773 ad
1018 709 1174 774 honorem
1198 709 1311 773 Sancti

198 810 298 889 Petri,
321 818 424 875 terras
447 832 511 894 que
535 811 589 875 hic
612 818 805 876 caraxantur
826 810 947 875 ibidem
969 809 1177 877 donavimus:
1209 812 1311 877 Hole-

199 912 299 992 welle,
320 913 521 993 Decewrthe,
537 913 706 994 Wattune,
726 914 937 998 Cillingtune.
985 916 1057 979 Hec
1074 915 1175 999 igitur
1198 936 1309 999 supra·

199 1013 286 1080 dieta
298 1036 385 1094 mro,
401 1036 476 1080 cum
490 1016 640 1081 omnibus
660 1017 702 1080 ad
718 1037 753 1081 se
766 1018 1014 1101 pertinentibus,
1030 1026 1065 1082 et
1085 1040 1159 1083 eum
1174 1018 1310 1083 cenobio

199 1118 284 1201 quod
309 1120 411 1183 Stans
429 1126 572 1198 vocatur,
596 1126 630 1182 et
655 1120 806 1184 omnibus
833 1120 895 1184 sibi
917 1120 1164 1205 pertinentibus,
1188 1121 1310 1187 seilicet

199 1221 400 1305 ihdingtnn,
428 1221 635 1305 Helgeiorde‚
660 1222 820 1303 Ileltham,
843 1224 1057 1303 Ecclesforde,
1084 1225 1197 1308 priscis
1225 1232 1307 1288 tem-

199 1320 331 1404 poribus
353 1320 395 1384 ad
413 1321 548 1385 eandem
571 1320 783 1406 perhibentur
805 1322 971 1387 ecclesiam
995 1324 1109 1413 Sancti
1126 1324 1216 1389 Petri
1238 1344 1308 1408 per-

199 1424 312 1503 tinere,
345 1424 430 1489 sieut
460 1424 590 1507 legitur,
625 1432 664 1488 ut
695 1424 846 1503 diximus,
878 1426 914 1489 in
950 1426 1083 1509 antiquo
1116 1426 1308 1509 telligrapho

198 1527 368 1606 libertatis,
384 1548 481 1610 quam
496 1548 552 1591 rex
568 1527 644 1592 offa
660 1527 708 1590 illi
727 1527 925 1591 monasterio
942 1528 1090 1607 contulit,
1110 1528 1239 1611 quando
1258 1550 1310 1593 ec·

198 1631 304 1696 clesiis
331 1652 389 1715 per
416 1632 582 1695 universas
610 1630 758 1714 regiones
787 1630 969 1715 Anglorum
1003 1631 1220 1715 recuperativa
1242 1631 1308 1715 pri·

197 1734 323 1817 vilegia,
335 1734 493 1799 Wilfredo
508 1732 746 1818 archiepiscopo
760 1734 922 1812 hortante,
934 1734 1072 1799 scribere
1083 1734 1200 1819 jussit3
1220 1734 1308 1818 quod

197 1837 369 1902 cenobium
394 1838 551 1901 Stanense
572 1838 643 1921 jam
672 1836 750 1901 olim
771 1836 912 1919 regulari
934 1844 967 1900 et
995 1837 1228 1901 monachorum
1251 1857 1306 1899 ex·

198 1940 304 2004 amine
322 1940 474 2023 pollebat,
492 1946 604 2023 postea
624 1960 699 2003 vero
720 1938 832 2004 hostib
854 1939 993 2024 quadam
1012 1940 1227 2023 expedicione,
1242 1938 1308 2004 ira-

198 2045 302 2108 tribus
316 2043 468 2127 dispersis
481 2042 646 2107 solotenus
663 2050 713 2107 est
730 2042 886 2107 dirutum
933 2042 1029 2107 Hanc
1046 2041 1182 2106 eandem
1197 2041 1307 2125 itaque

197 2146 379 2211 libertatem
394 2146 517 2229 prefate
532 2144 664 2209 ecclesie
683 2144 795 2209 Sancti
812 2145 901 2209 Petri
915 2144 1069 2230 principis
1087 2145 1306 2229 apostolorum

199 2250 351 2330 conoessi,
376 2251 452 2333 quia
476 2250 567 2314 locus
588 2249 762 2333 predictus,
785 2249 842 2333 qui
871 2251 1030 2333 templum
1052 2250 1158 2313 fuerat
1183 2249 1307 2313 dudum

199 2353 368 2437 Apollinis,
385 2352 449 2416 Dei
465 2350 670 2436 providencia
686 2373 773 2416 nune
790 2351 983 2416 mirabiliter
1000 2350 1041 2416 ab
1058 2352 1128 2435 ipso
1149 2352 1306 2435 clavigero

199 2465 249 2520 est
270 2462 474 2520 consecrabis
502 2462 536 2519 et
560 2454 726 2519 dedicatus
750 2455 905 2537 quatinus
927 2455 967 2520 ab
990 2453 1080 2520 omni
1104 2454 1241 2518 seculari
1262 2455 1306 2518 sit

198 2580 323 2643 semper
344 2558 381 2623 in
399 2565 590 2644 perpetuum
611 2557 720 2641 quieta
744 2558 909 2622 servitute.
954 2558 999 2622 Et
1020 2557 1154 2641 nequis
1176 2579 1305 2642 presen-

200 2661 287 2726 cium
314 2662 365 2726 vel
397 2660 499 2744 magis
530 2661 714 2726 futurorum
747 2661 891 2745 ambiget
919 2682 980 2744 que
1009 2661 1052 2724 sit
1085 2660 1142 2724 illa
1173 2661 1305 2726 libertas

200 2788 296 2850 quam
311 2764 494 2830 amabiliter
507 2771 541 2829 et
554 2765 692 2828 firmiter
706 2763 857 2842 concedo,
876 2763 1070 2828 omnimodis
1087 2772 1205 2828 cuncta
1218 2763 1305 2827 illius

199 2869 384 2934 monasterii
401 2869 559 2953 possessio
577 2868 676 2932 nullis
693 2867 737 2931 sit
754 2887 899 2950 unquam
918 2874 1050 2950 gravata
1067 2865 1229 2945 oneribus,
1244 2886 1305 2930 nec

198 2973 413 3056 expedicionis
432 2992 492 3036 nec
510 2971 619 3055 pontis
637 2979 671 3034 et
688 2970 770 3034 arcis
787 2969 1000 3048 edifioamine,
1017 2990 1076 3034 nec
1091 2969 1175 3054 juris
1189 2969 1306 3053 regalis

199 3075 366 3159 fragmine,
386 3095 448 3139 nee
466 3074 547 3138 finis
564 3073 826 3158 apprehensione,
847 3081 891 3152 et,
912 3080 950 3137 ut
972 3072 1082 3138 omnia
1099 3072 1197 3135 simul
1218 3093 1305 3136 com-

198 3179 405 3263 prehendam,
429 3178 477 3242 nil
494 3178 590 3242 debet
614 3176 734 3240 exsolvi
760 3197 820 3240 nec
842 3176 922 3259 regi,
944 3197 1005 3240 nec
1026 3175 1112 3259 regis
1134 3177 1309 3260 preposito,

201 3282 250 3346 vel
269 3283 428 3368 episeopo,
445 3281 497 3346 vel
516 3280 601 3360 duci,
619 3280 669 3344 vel
686 3279 747 3342 ulli
766 3279 901 3358 homini,
923 3278 979 3342 sed
1000 3279 1109 3342 omnia
1127 3277 1237 3343 debita
1254 3299 1307 3343 ex-

201 3381 326 3450 solvent
347 3384 554 3468 jugiterque
579 3383 616 3446 in
638 3381 709 3465 ipsa
731 3379 957 3444 dominacione
985 3380 1114 3444 firerint
1133 3380 1173 3445 sd
1197 3403 1307 3465 supra·
1382 3381 1384 3386 ’

199 3487 322 3553 dictam
340 3495 486 3552 sancum
505 3486 624 3564 locum,
649 3484 827 3550 secundum
844 3483 931 3568 quod
953 3483 1170 3549 ordinaverint
1191 3485 1307 3549 fratres

198 3592 343 3676 ejusdem
374 3588 510 3656 cenobii.
581 3588 798 3653 obsecramus
831 3587 931 3651 etiam
963 3607 1076 3672 omnes
1110 3607 1306 3652 successores

198 3703 335 3774 nostros,
361 3713 454 3777 reges
476 3700 510 3758 et
528 3689 698 3776 principes,
718 3710 776 3774 per
797 3697 944 3754 sanctam
963 3696 997 3752 et
1015 3687 1214 3754 individuam
1236 3691 1306 3754 'Pri-

199 3798 344 3876 nitatem,
371 3803 405 3860 et
426 3816 484 3879 per
505 3791 679 3858 adventum
698 3793 782 3877 justi
808 3791 945 3870 ludicis,
972 3798 1011 3855 ut
1033 3792 1305 3876 quemadmodum

198 3923 237 3967 ex
258 3899 484 3965 munificencia
504 3906 744 3963 antecessorum
766 3902 952 3959 nostrorum
973 3894 1042 3978 ipse
1063 3895 1153 3959 locus
1178 3893 1305 3958 videtur

198 4023 266 4067 esse
288 4000 422 4079 ditatus,
446 3999 556 4062 nullus
584 3997 809 4082 episcoporum
834 3996 884 4060 vel
914 3995 1080 4074 abbatum,
1106 4003 1164 4059 aut
1192 4017 1305 4060 eorum

198 4105 407 4182 ordinatores,
431 4102 482 4166 vel
504 4099 648 4185 quelibet
669 4120 816 4185 persam,
841 4099 943 4183 possit
970 4118 1099 4182 quoquo
1128 4097 1241 4162 ordine
1264 4099 1305 4164 de

196 4210 267 4274 looo
284 4207 354 4291 ipso
373 4205 497 4289 aliquid
511 4204 647 4283 auferre,
663 4211 720 4268 aut
737 4203 878 4286 aliquam
892 4208 1086 4286 potestatem
1104 4200 1166 4264 sibi
1183 4201 1219 4264 in
1236 4201 1306 4286 ipso

195 4309 391 4376 monasterio
419 4329 584 4392 usurpare,
610 4306 660 4371 vel
689 4305 811 4389 aliquid
837 4305 929 4389 quasi
957 4326 1015 4389 per
1044 4305 1307 4371 commutationis
1323 4359 1337 4371 .

196 4415 341 4492 titulum,
360 4412 481 4495 absque
503 4411 670 4474 voluntate
687 4409 787 4492 ipsius
805 4407 1068 4492 congregacionis
1085 4407 1137 4471 vel
1156 4416 1302 4473 nostrum
