3234 5125
305 447 357 502 154
407 425 413 440 '
582 446 903 504 nmcnnmnnous
922 443 1135 504 salamas.

304 616 411 681 Abulf
421 618 605 705 AEbelgy'oe
627 620 702 686 filiae
721 640 788 684 suae
808 639 883 682 cum
902 617 1095 682 hereditaria
1113 615 1263 682 libertate
1286 615 1321 682 in
1338 639 1412 702 pro·

304 718 407 804 priam
422 720 470 786 et¹
486 729 674 808 perpetuam
689 721 820 788 donavit
831 720 1053 786 hereditatem.

463 1087 561 1144 KING
579 1086 779 1142 EADWARD
796 1087 875 1142 'l'HE
892 1085 1030 1141 ELDER.
1066 1085 1251 1144 mccclv.

462 1247 662 1292 EADWAEDE!
686 1247 844 1290 emmens
867 1247 988 1290 mom
1010 1246 1051 1289 ΤΟ
1074 1243 1246 1289 ramum.

490 1351 576 1394 alne
598 1327 788 1394 danwaan’s
812 1349 967 1393 malton
991 1349 1032 1392 ‘1⁸0
1054 1347 1219 1392 brunnon.

346 1486 533 1549 Ruonanrx
557 1481 796 1567 imperpetuum
825 1479 969 1545 Domino
993 1488 1113 1545 nostro-
1136 1481 1240 1545 Jhesu
1266 1479 1407 1558 Christo,

302 1589 394 1671 cujus
416 1593 558 1671 potestas
577 1606 638 1649 nec
660 1583 775 1648 crescit
790 1605 852 1648 nec
870 1583 999 1663 minuit,
1018 1581 1232 1669 omnibusque
1249 1583 1409 1668 presentis

300 1690 376 1754 vitae
398 1687 565 1754 curriculis
587 1687 706 1751 cotidie
725 1707 851 1770 semper
868 1685 1160 1752 subterlabentibus
1179 1708 1309 1771 suaque
1330 1708 1408 1750 con-

300 1791 420 1856 dicioni
434 1790 584 1855 omnibus
596 1788 772 1854 visibilibus
788 1797 822 1854 et
835 1789 1049 1854 invisibilibus
1063 1789 1293 1856 inevitabiliter
1307 1789 1409 1854 velint

300 1895 405 1958 nolint
420 1893 546 1959 cotidiae
559 1891 781 1957 subdentibus.
828 1893 1033 1977 Quapropter
1047 1915 1109 1978 ego
1118 1893 1286 1972 Eadward,
1299 1893 1409 1956 divina

300 1997 487 2082 indulgente
502 1996 683 2075 clementia,
699 1995 811 2079 Angul
827 1996 991 2060 Saxonum
1005 2017 1071 2076 rex,
1086 1998 1196 2061 omnia
1209 2018 1408 2081 quaecunque

299 2099 386 2164 dicta
411 2108 468 2164 aut
490 2099 576 2163 facta
599 2100 649 2163 vel
674 2097 773 2163 etiam
798 2105 893 2182 pacta
915 2100 1049 2163 suntin
1071 2098 1191 2164 nostris
1208 2098 1407 2184 temporibus

299 2201 416 2268 relatui
435 2202 534 2286 digua
557 2223 617 2285 pro
641 2201 832 2266 necessitate
854 2201 971 2266 animae
991 2223 1082 2282 meae,
1105 2211 1139 2266 et
1160 2223 1219 2286 pro
1240 2201 1406 2268 communi

299 2313 410 2370 nostra
437 2304 641 2383 necessitate,
671 2324 798 2368 necnon
829 2303 928 2368 etiam
957 2304 1182 2389 subsequentis
1206 2303 1407 2389 posteritatis

298 2415 427 2488 nostrae,
447 2407 630 2472 litterarum
652 2406 817 2471 memoriae
840 2407 1065 2471 commendare
1085 2406 1263 2491 procuravi,
1284 2429 1325 2471 ne
1348 2415 1407 2471 aut
1505 2439 1511 2449 ·

298 2511 388 2576 filsea
402 2509 572 2577 oblivionis
586 2507 723 2593 caligine
738 2507 934 2589 oblitterata,
949 2509 1001 2574 vel
1018 2509 1144 2574 incuria
1160 2509 1353 2595 scriptorum
1370 2517 1405 2575 et

195 2639 198 2646 ·
298 2615 430 2679 testium
444 2612 479 2678 id
494 2620 609 2698 agente
624 2612 782 2696 ignorata,
797 2611 1010 2696 regnantibus
1026 2622 1100 2697 post
1114 2635 1174 2678 nos
1189 2622 1222 2678 et
1237 2613 1304 2677 suis
1318 2612 1403 2697 opti-

296 2717 437 2782 matibus
456 2716 496 2781 ad
515 2716 588 2781 lites
608 2723 641 2780 et
659 2715 884 2780 contentiones
899 2714 940 2779 de
957 2722 1074 2779 cratero
1088 2715 1285 2781 devenirent.
1331 2716 1406 2782 Qua

297 2820 336 2886 de
357 2843 393 2885 rc
410 2820 445 2884 in
465 2820 526 2885 hac
551 2818 677 2883 cartula
691 2817 911 2883 demonstrare
930 2838 1031 2883 conor
1048 2816 1134 2902 quod
1154 2840 1215 2903 ego
1234 2839 1308 2882 cum
1327 2838 1404 2883 con-

296 2923 368 2988 silio
389 2932 422 2987 et
442 2944 600 2987 consensu
622 2920 816 3005 optimatum
837 2941 993 2999 meorum,
1014 2941 1152 3004 quorum
1169 2920 1303 2985 nomina
1319 2920 1406 2986 infra

296 3024 416 3109 scripta
453 3031 539 3104 sunt,
565 3024 748 3088 libertatem
783 3021 871 3086 illius
907 3023 1094 3088 monasterii
1124 3022 1210 3107 quod
1237 3024 1404 3089 Saxonicoe

296 3130 426 3193 'lantun
455 3126 583 3205 dicitur,
614 3146 688 3189 oum
717 3123 868 3189 omnibus
898 3124 939 3189 ad
976 3146 1012 3189 se
1039 3125 1278 3209 pertinentibus
1307 3127 1402 3206 villis,

295 3230 426 3314 campis,
448 3228 546 3313 silvis,
567 3228 703 3312 pascuis,
719 3226 830 3311 pratis,
849 3234 882 3291 et
903 3227 1039 3311 piscium
1060 3229 1213 3313 capturis,
1233 3228 1269 3293 in
1286 3230 1402 3314 sempi-

294 3344 388 3399 terno
414 3330 547 3417 graphio
572 3330 608 3394 in
632 3352 727 3395 cruce
756 3329 878 3394 Christi
900 3331 1090 3396 Denevulfo
1113 3332 1263 3417 episcopo
1292 3341 1325 3398 et
1353 3332 1403 3396 illi

294 3436 467 3503 venerabili
490 3434 621 3499 familiae
642 3434 677 3497 in
696 3434 860 3498 Wentana
882 3434 1010 3499 civitate
1029 3430 1252 3515 commoranti,
1271 3435 1311 3500 ab
1332 3457 1401 3499 om-

294 3539 391 3604 nibus
413 3536 582 3623 regalibus,
609 3535 779 3616 fiscalibus,
803 3544 837 3601 et
867 3536 1129 3617 commitialibus,
1151 3559 1279 3603 necnon
1304 3544 1337 3603 et
1361 3537 1401 3602 ab

295 3640 445 3708 omnibus
466 3639 684 3705 mundialibus
704 3638 923 3704 taxationibus
942 3641 1135 3725 expeditam,
1154 3649 1286 3725 excepta
1305 3663 1401 3726 expe·

293 3836 445 3893 AEbelfriao
454 3835 518 3891 duci
534 3836 563 3890 iu
579 3842 736 3908 perpetuam
747 3836 928 3890 hereditatem
939 3836 1126 3908 persolvimus,
1139 3844 1170 3891 ut
1182 3855 1263 3892 nemo
1274 3845 1338 3910 post
1349 3856 1399 3893 nos

292 3926 470 3998 percipientes
493 3923 551 3977 sine
575 3920 762 3994 indignatione
786 3922 839 3975 Dei
863 3922 1056 3995 omnipotentis
1075 3923 1154 3978 illam
1178 3924 1283 3979 irritam
1306 3924 1398 3981 faciat.

294 4001 333 4080 *1⁴
350 4012 410 4083 Ego
421 4009 553 4065 AEbelred
564 4009 687 4064 consensi
699 4014 728 4063 et
738 4008 903 4063 confirmavi.
941 3998 981 4077 ὦ
996 4009 1058 4082 Ego
1069 4010 1206 4066 Eadward
1216 4028 1265 4066 rex
1276 4012 1399 4067 consensi

292 4106 321 4153 et
332 4095 486 4169 subscripsi.

325 4184 405 4239 Hanc
418 4182 560 4255 prefatam
573 4180 754 4234 hereditatem
767 4179 912 4235 AEdclstan
925 4180 982 4236 du'x
998 4183 1072 4237 filim
1089 4182 1240 4253 AEbclredi,
1252 4201 1398 4239 consensus

290 4277 317 4325 ct
328 4271 417 4325 lactus
428 4268 584 4332 monachus,
593 4266 692 4338 optulit
705 4283 797 4321 seeum
808 4268 843 4322 ad
854 4268 1049 4324 monasterium
1058 4269 1258 4343 Glastiugensc,
1267 4270 1398 4343 illamque

290 4356 341 4411 sibi
353 4355 466 4425 largitus
478 4360 520 4409 cst
531 4353 675 4408 [llbelstau
687 4371 742 4407 rex.

327 4446 334 4475 ¹
354 4442 412 4495 MS.
427 4440 469 4494 ad.
