3234 5125
489 399 810 459 mscnmnuuous
828 405 1042 464 OHAR'FERS.
1272 412 1325 466 218

213 565 407 631 secularium
419 590 529 635 rerum
544 573 706 653 oneribus,
718 574 807 639 dnus
822 585 856 642 et
869 576 1004 658 levibus,
1015 586 1048 642 et
1063 578 1104 643 ab
1119 579 1207 643 omni
1222 582 1319 645 servi-

214 676 286 734 tute
309 678 343 735 et
366 673 587 740 exactionibus
611 677 784 756 fiscalibus,
807 681 933 763 magnis
959 688 992 744 et
1013 681 1159 761 modicis,
1180 682 1266 746 notis
1287 689 1321 745 et

213 772 345 856 ignotis,
359 782 427 839 tara
453 778 539 861 regis
561 800 659 862 quam
681 780 835 864 principis
854 790 887 845 ct
902 783 1124 847 ministrorum
1147 792 1242 867 atque
1266 805 1319 847 ex·

214 885 360 943 actorum
375 901 496 960 eorum,
509 884 648 966 exceptis
661 884 768 967 pontis
782 892 816 949 et
830 887 911 951 arcis
925 890 1164 952 constructione
1178 896 1212 952 et
1225 909 1320 971 expe·

214 980 337 1047 ditione
370 991 484 1047 contm
519 983 655 1050 hostem.
711 988 903 1073 Habeatque
926 990 1095 1054 Winsinus
1128 989 1321 1055 reverendus

215 1084 372 1165 sacerdos,
383 1106 479 1169 quem
493 1087 562 1171 ipse
579 1088 745 1174 episcopus
758 1092 936 1172 Osualdus,
951 1114 1004 1158 me
1018 1093 1146 1158 favente
1164 1102 1197 1157 et
1212 1100 1321 1157 aucto-

215 1186 347 1251 ritatem
371 1189 494 1272 regiam
518 1199 692 1275 prestante,
712 1192 747 1256 in
770 1194 846 1259 sede
871 1195 1041 1279 episcopali
1063 1196 1228 1260 monachis
1248 1216 1320 1279 pre-

215 1290 333 1371 posuit,
348 1292 491 1375 quandiu
515 1293 584 1377 ipse
597 1295 723 1375 vixerit,
738 1317 914 1381 omnesque
935 1305 1008 1381 post
1028 1320 1103 1361 eum
1125 1298 1174 1362 sui
1195 1319 1320 1362 sucees-

216 1412 314 1471 sores,
330 1394 385 1478 qui
400 1394 505 1460 eidem
521 1398 764 1481 congregationi
777 1399 931 1483 prepositi
945 1400 1076 1479 fuerint,
1091 1392 1197 1483 ipsum
1214 1400 1320 1465 hund·

217 1494 274 1559 red
295 1516 370 1561 cum
391 1497 541 1562 omnibus
560 1499 687 1580 debitis,
704 1524 776 1585 qure
789 1524 847 1567 rex
861 1503 1009 1567 antesin
1027 1524 1066 1567 ec
1079 1502 1205 1581 habuit,
1220 1510 1254 1566 et
1266 1503 1321 1586 jus

217 1608 251 1663 et
273 1608 465 1684 potestatem
488 1603 662 1667 earundem
683 1605 931 1688 possessionum,
952 1628 1026 1671 cum
1050 1606 1128 1670 telle
1150 1612 1183 1670 et
1204 1612 1321 1683 teame,

217 1722 290 1766 saca
303 1710 337 1766 et
350 1724 457 1784 socne,
467 1713 501 1769 et
514 1706 766 1793 infangenepeof,
776 1716 810 1773 et
824 1709 945 1792 proprii
960 1708 1043 1793 juris
1056 1708 1202 1774 debitum
1217 1715 1322 1772 trane

217 1807 399 1889 gressionis,
411 1816 445 1872 et
458 1831 574 1893 penam
589 1810 699 1875 delicti
714 1834 786 1896 quae
796 1813 934 1896 Anglice
948 1811 1066 1876 dicitur
1077 1812 1321 1890 ofersaewnesse,

217 1917 252 1972 et
265 1910 427 1994 gyltuite;
451 1932 511 1977 nec
535 1914 578 1977 sit
601 1914 648 1978 ias
672 1922 729 1978 aut
751 1924 894 1999 potestas
915 1916 1067 2000 cuiquam
1088 1914 1322 1999 prepositorum

217 2034 275 2076 seu
298 2022 482 2078 exactorum
496 2016 546 2079 vel
570 2016 792 2081 ministrorum
815 2038 971 2097 meorum,
986 2038 1046 2082 uec
1069 2017 1165 2081 alicui
1186 2015 1323 2100 principi

219 2116 268 2180 vel
282 2138 321 2180 ex
335 2116 574 2182 succedentium
587 2140 723 2185 numero
736 2122 892 2205 pontifici,
902 2122 987 2186 hauc
1001 2141 1081 2185 meae
1092 2119 1322 2183 munificentia

218 2218 399 2283 libertatem
419 2228 452 2285 et
466 2222 679 2287 concessionis
702 2224 888 2289 firmitatem
914 2224 948 2287 in
972 2224 1081 2308 aliquo
1102 2222 1257 2301 minuere,
1273 2221 1323 2285 vel

218 2320 404 2406 iufringere,
419 2324 470 2387 vel
484 2344 613 2408 quoquo
634 2326 731 2391 modo
752 2335 879 2392 mutare
899 2335 955 2391 aut
969 2326 1151 2410 pervadere,
1173 2332 1229 2389 aut
1244 2346 1323 2410 quo·
1395 2343 1403 2352 ·

219 2446 345 2509 cunque
367 2426 499 2510 ingenio
520 2428 606 2511 ipsos
628 2429 803 2493 monachos
818 2430 881 2494 Dei
901 2450 1008 2494 servos
1027 2428 1238 2513 inquietando
1252 2448 1324 2511 per-

219 2529 358 2610 turbare,
373 2538 412 2594 ut
426 2531 533 2616 aliqua
546 2531 751 2597 fraudulenta
767 2533 934 2598 occasione
952 2533 1071 2597 iterum
1085 2532 1121 2595 in
1136 2531 1324 2596 clericorum

220 2642 277 2697 aut
289 2634 390 2717 ipsius
404 2635 543 2720 episcopi
562 2637 728 2720 proprium
742 2642 908 2700 transeant
926 2637 991 2721 jus,
1007 2635 1047 2699 ab
1062 2635 1205 2719 ipsorum
1218 2641 1324 2718 potes·

219 2744 287 2800 tate
302 2759 440 2820 quorum
454 2739 528 2803 usui
541 2739 606 2803 ista
620 2739 762 2804 concessi
776 2747 810 2802 et
821 2739 946 2804 donavi.
991 2737 1120 2802 Providi
1136 2737 1235 2801 etiam
1249 2758 1324 2802 cau·

220 2840 294 2904 telae
317 2839 425 2904 studio
448 2849 486 2904 ut
503 2841 574 2905 haec
595 2841 727 2905 libertas
750 2841 875 2904 firmius
894 2841 940 2905 eis
962 2847 1069 2925 posset
1082 2839 1265 2924 perdurare,
1282 2860 1324 2904 ne

220 2965 293 3008 cum
311 2945 396 3028 regis
415 2944 573 3008 ministris
595 2952 652 3008 aut
671 2945 740 3029 ejus
763 2945 973 3024 centuriatus,
989 2944 1023 3008 id
1045 2951 1104 3022 eat,
1128 2942 1322 3021 hundredes,

220 3047 431 3127 exactoribus,
457 3047 657 3112 naumachia
680 3047 927 3132 expeditionem,
952 3069 1024 3131 qua
1047 3068 1086 3111 ex
1109 3053 1179 3110 tcta
1203 3043 1325 3128 Anglia

219 3151 288 3233 regi
312 3150 476 3214 invenitur
496 3150 635 3228 faciant3
659 3149 716 3214 sed
741 3171 816 3215 cnm
840 3172 898 3215 suo
922 3149 1154 3228 archiduotore,
1175 3147 1324 3212 videlicet

221 3254 380 3338 episcopo,
396 3253 452 3337 qui
469 3274 524 3316 eos
545 3253 714 3317 defendere
736 3260 770 3317 et
790 3260 959 3337 protegere
978 3253 1073 3317 debet
1088 3252 1129 3317 ab
1144 3251 1233 3315 omni
1253 3271 1324 3335 per·

220 3355 404 3421 turbatione
418 3362 451 3419 et
464 3355 698 3439 inquietudine.
732 3356 776 3420 Et
791 3355 867 3439 quia
880 3356 967 3420 idem
982 3355 1174 3420 reverendus
1189 3355 1324 3419 antistes

221 3459 398 3538 Oswaldus,
413 3479 471 3542 per
492 3480 567 3522 suos
589 3458 709 3522 amicos
732 3466 765 3522 et
791 3479 880 3522 meos
904 3457 1102 3522 consiliarios
1124 3457 1323 3540 supranomi-

221 3569 324 3640 natos,
340 3561 488 3625 videlicet
503 3561 712 3625 Duusmum
734 3559 1019 3644 archiepiscopum,
1041 3567 1074 3624 et
1088 3559 1323 3648 AEpelwoldum

220 3665 415 3749 episcopum,
438 3672 472 3728 et
491 3663 595 3726 virum
618 3663 824 3748 magnificum
841 3662 1070 3747 Bryhtnobum
1093 3663 1255 3741 comitem,
1271 3681 1324 3724 me

220 3767 387 3851 requisivit
405 3774 439 3830 et
453 3766 638 3851 impetravit
651 3775 688 3830 ut
701 3765 741 3828 ad
755 3765 1009 3830 confirmandam
1027 3765 1321 3830 aecclesiasticarum

220 3870 456 3952 possessionum
477 3867 660 3932 libertatem
682 3867 732 3932 sui
754 3868 963 3952 episcopatus,
980 3867 1022 3931 ad
1036 3867 1251 3931 centuriatum
1267 3866 1323 3948 qui

221 3972 476 4056 Wulferesl[au]
504 3971 749 4054 dicitur,que1u
770 3971 840 4056 ipsa
861 3971 1004 4036 aeeclesia
1026 3969 1205 4053 antiquitus
1224 3969 1324 4032 libere

220 4075 402 4159 possidebat
416 4075 447 4140 ei
461 4074 707 4159 co[ncede]rem
724 4074 863 4138 alterum
880 4071 1085 4137 hundredum
1099 4070 1212 4148 facere,
1228 4069 1324 4134 liber·

220 4187 288 4243 tate
317 4177 437 4242 donata
459 4178 500 4242 de
524 4178 619 4242 terrie
642 4177 794 4240 aecclesiae
819 4198 891 4260 quae
915 4175 1019 4239 adhuc
1047 4174 1203 4237 hactenus
1228 4171 1324 4255 regiis

220 4281 440 4346 exactionibus
454 4279 673 4364 subjacebant,
688 4280 837 4344 videlicet
851 4277 1033 4355 Breodune,
1049 4275 1224 4353 Bleccelea,
1242 4275 1323 4359 Tyr-

220 4384 366 4463 dintune‚
381 4384 534 4468 quatinus
554 4390 661 4467 posset
675 4382 743 4466 ipse
762 4403 837 4447 cum
858 4379 1025 4445 monachis
1043 4378 1109 4444 suis
1123 4399 1223 4442 unam
1245 4399 1323 4442 nau·
