3234 5125
294 418 347 472 306
556 418 897 474 ‚MISOELLANEOUS
915 418 1129 475 CHARTERS.

294 588 446 673 quatinus
458 590 528 675 ejus
542 591 716 675 promereri
730 590 877 675 precibus
892 612 1015 655 merear
1025 590 1210 675 porcionem
1222 591 1291 673 ejus
1299 589 1401 653 beati-

294 692 417 757 tudinis
431 702 504 777 post
518 694 615 778 hujus
630 716 759 760 cursum
774 695 849 759 vite.
893 694 965 759 'l'ali
978 694 1128 758 libertate
1147 692 1287 757 concedo
1300 692 1401 755 fundo

295 794 360 859 frui
382 795 442 874 illi,
466 796 501 860 in
525 818 589 883 quo
618 795 705 862 idem
734 804 864 861 sanctus
888 804 1012 881 pausat,
1030 802 1069 860 ut
1093 796 1243 880 quotiens
1264 795 1402 879 populus

296 898 465 962 universus
484 899 635 982 persolvit
654 920 786 963 censum
803 900 917 978 Danis,
932 899 984 963 vel
1003 899 1043 962 ad
1060 920 1158 962 naves
1174 920 1232 962 seu
1246 898 1287 962 ad
1301 920 1401 976 mma,

296 1000 477 1083 persolvant
500 1000 720 1067 inhabitantes
743 1001 779 1065 in
801 1002 873 1086 ipso
895 1002 996 1066 fundo
1018 1001 1130 1065 eadem
1156 1001 1197 1065 ad
1219 1023 1297 1065 usias
1321 1022 1402 1084 qnos

296 1102 452 1186 elegerint
467 1102 581 1167 fratres
601 1104 688 1168 illius
710 1104 783 1169 loci.
831 1104 945 1187 Sitque
961 1104 1055 1168 nobis
1076 1103 1218 1168 remedio
1233 1103 1305 1182 hoc,
1319 1102 1402 1166 mihi

297 1206 415 1289 quippe
437 1226 518 1289 eque
539 1206 651 1289 regine
664 1228 736 1271 mee
751 1206 870 1291 AElgife
892 1228 930 1271 ae
948 1207 1023 1270 filiis
1044 1207 1173 1286 nostris,
1189 1206 1402 1290 omnibusque

296 1308 353 1393 qui
381 1308 506 1392 pridem
541 1310 571 1372 ei
603 1309 664 1374 hoc
697 1311 917 1374 contulerrmt.
973 1310 1062 1374 Huic
1086 1310 1230 1373 libertati
1262 1309 1402 1374 concedo
1505 1370 1514 1387 ,

296 1411 564 1492 additamentum,
581 1413 713 1492 scilicet,
729 1413 910 1477 maritimos
929 1414 1032 1498 pisces
1046 1413 1100 1497 qui
1115 1413 1197 1477 mihi
1214 1413 1402 1496 contingere

296 1514 415 1579 debent
438 1514 621 1580 annualiter
644 1537 701 1599 per
718 1515 863 1580 thelonei
880 1516 1008 1580 lucrum
1025 1524 1058 1579 et
1075 1516 1285 1600 piscationem
1303 1537 1401 1599 quam

297 1617 450 1702 Ullkytcl
478 1617 593 1682 habuit
629 1618 663 1682 in
687 1619 808 1703 Wylla,
835 1627 869 1682 et
899 1620 1009 1683 omnia
1034 1619 1109 1703 jura
1139 1638 1402 1702 quarumcunque

297 1742 466 1785 causarum
482 1722 517 1783 in
532 1721 616 1784 villis
632 1742 693 1804 que
707 1722 903 1785 monasterio
921 1722 1078 1806 adjacent,
1095 1729 1129 1785 et
1143 1743 1215 1805 quoe
1238 1720 1403 1784 adiciende

297 1830 374 1887 sunt
388 1824 590 1906 pergratiam
601 1824 672 1887 Dei.
718 1823 803 1888 Dedi
820 1845 956 1908 quoque,
971 1824 1081 1907 regine
1096 1845 1167 1887 mee
1181 1845 1311 1887 assensn
1326 1844 1401 1887 con·

297 1923 413 1990 cedens
437 1926 477 2003 ei,
493 1946 552 2008 pro
569 1946 628 1988 sua
649 1926 824 1990 elemosina
838 1926 914 1990 dare
929 1936 1069 2010 quatuor
1083 1927 1174 1990 milia
1187 1927 1402 2010 anguillarum

298 2049 372 2091 curn
393 2027 660 2111 muneribusque
682 2029 846 2112 pertinent
869 2030 907 2093 ad
931 2030 1003 2093 illas
1022 2050 1080 2113 pro
1098 2030 1230 2093 annuali
1244 2050 1352 2108 censu,
1367 2029 1403 2092 in

298 2132 374 2195 villa
397 2152 459 2214 que
489 2131 737 2214 cognominatur
761 2132 1012 2217 Lacyngahy'de.
1068 2132 1104 2196 Si
1128 2131 1290 2215 quislibet,
1317 2132 1403 2215 quod

298 2233 393 2312 absit,
409 2234 505 2297 istam
529 2234 712 2297 libertatem
736 2235 946 2318 quoquolibet
963 2242 1082 2300 conatu
1103 2235 1221 2298 nititur
1240 2234 1404 2298 servitutis

294 2337 375 2421 jugo
399 2337 558 2420 subigere,
574 2338 625 2401 vel
650 2360 749 2421 prava
771 2338 953 2403 intentione
977 2346 1206 2416 transmutare,
1229 2345 1267 2402 ut
1292 2359 1404 2400 rursus

299 2440 432 2503 clericos
461 2440 496 2503 in
521 2461 560 2503 eo
579 2441 713 2505 collocet
736 2441 819 2519 loco,
839 2442 883 2504 sit
909 2441 1058 2518 addictus
1077 2441 1257 2526 captivitati
1281 2448 1401 2518 eterne,

298 2567 409 2609 carens
434 2544 629 2630 sempiterna
652 2544 814 2624 libertate,
837 2553 870 2609 et
892 2546 1094 2629 mancipatus
1116 2544 1248 2609 servitio
1271 2543 1401 2623 diaboli,

298 2651 431 2733 ejusque
446 2649 609 2712 consortio
624 2649 668 2712 sit
678 2648 956 2713 inextricabilibus
971 2648 1107 2712 habenis
1121 2648 1330 2726 constitutus,
1339 2648 1404 2711 nisi

298 2752 475 2816 satisfactio
490 2753 560 2836 ejus
575 2753 698 2817 erratui
713 2752 893 2831 subveniat,
910 2751 997 2835 quod
1011 2773 1142 2836 prorsus
1157 2759 1314 2836 optamus.

343 2857 383 2937 'l‘
399 2856 471 2938 Ego
486 2856 575 2920 Cnut
598 2877 654 2919 rex
679 2855 786 2938 gentis
801 2854 984 2937 Anglcrnm
1010 2855 1210 2938 aliarumque
1233 2855 1402 2918 nationum

297 2957 510 3021 nihilominus
533 2957 594 3022 hoc
611 2957 816 3042 privilegium
834 2958 918 3042 jussi
935 2979 1126 3042 componere
1141 2964 1174 3021 et
1188 2957 1402 3041 compositum

297 3081 372 3124 cum
390 3055 482 3143 signo
505 3060 676 3124 Dominice
696 3061 800 3124 crucis
825 3060 1047 3125 confirmando
1065 3059 1222 3143 impressi.
1274 3061 1314 3140 ›1‹
1330 3060 1402 3141 Ego

298 3163 420 3246 AElgila
433 3163 546 3245 regina
557 3163 645 3226 omni
661 3163 826 3228 alacritate
840 3164 959 3227 mentia
974 3162 1035 3226 hoc
1046 3162 1243 3226 confirmavi.
1276 3165 1317 3243 ᾧ
1332 3162 1404 3244 Ego

296 3265 480 3329 Wll'stanus
510 3265 766 3350 archiepiscopus
792 3267 988 3330 confirmavi.
1057 3267 1193 3348 ›1⁴Ego
1225 3265 1402 3329 Godwinus

298 3369 464 3453 episcopus
478 3368 692 3433 corroboravi.
738 3369 1223 3454 ›14EgoAEll'winusepiscopus
1237 3389 1404 3432 assensum

298 3471 382 3536 dedi.
462 3474 502 3553 ›1‹
528 3473 599 3555 Ego
623 3471 782 3535 AElfsinus
813 3472 980 3557 episcopus
1010 3473 1206 3556 consignavi.
1277 3473 1316 3552 ᾧ
1332 3472 1404 3553 Ego

299 3574 365 3637 AEd
372 3573 430 3657 [el]
436 3574 521 3637 ricus
535 3574 702 3658 episcopus
714 3575 868 3639 conclusi.
914 3578 954 3657 ›1‹
970 3576 1042 3657 Ego
1051 3575 1223 3638 AElfwinus
1237 3575 1404 3657 episcopus

298 3677 456 3741 roboravi.
528 3680 568 3759 ›1‹
592 3679 663 3760 Ego
687 3678 905 3743 Brihtwaldus
929 3678 1107 3762 episcopus.
1183 3681 1223 3759 ›1‹
1239 3677 1311 3760 Ego
1337 3676 1404 3740 Iric

298 3778 375 3844 dux.
436 3783 476 3862 ›1‹
493 3781 563 3864 Ego
580 3780 758 3844 Godwinus
781 3780 857 3845 dux.
919 3779 1213 3864 ›1⁴EgoUlfdux.
1275 3783 1315 3862 ›1‹
1332 3780 1403 3862 Ego

298 3883 398 3966 Eglaf
414 3883 489 3946 dux.
550 3884 678 3966 ³1⁴Ego
695 3883 909 3947 Hakuudux.
968 3885 1008 3965 'l‘
1024 3885 1096 3967 Ego
1118 3882 1303 3947 Leofwinus
1327 3882 1402 3946 dux.

299 3985 339 4064 ›1‹
355 3983 427 4065 Ego
442 3981 601 4046 Godricus
627 3982 701 4046 dux.
763 3986 803 4065 ›1‹
819 3983 891 4066 Ego
906 3982 1078 4046 AElfwinus
1101 3983 1211 4046 abbas.
1276 3984 1316 4063 ›1‹
1332 3982 1404 4062 Ego

298 4085 482 4149 Leofwinus
502 4086 610 4150 abbas.
672 4090 712 4168 ›1‹
729 4087 800 4168 Ego
814 4085 979 4149 Wlfredus
994 4085 1104 4150 abbas.
1165 4083 1403 4167 ³1⁴Eg00slri-

297 4189 394 4251 tellus
415 4187 523 4252 abbas.
571 4191 610 4272 ›1‹
627 4189 697 4272 Ego
713 4188 880 4253 Lech-icus
896 4189 1003 4252 abbas.
1072 4191 1113 4269 ᾧ
1129 4189 1201 4271 Ego
1210 4186 1405 4251 AElfwardus

298 4291 407 4354 abbas.
465 4293 504 4372 ›1‹
528 4293 600 4374 Ego
616 4291 826 4355 AEbelstanus
842 4292 950 4354 abbas.
1007 4295 1047 4373 ›1‹
1064 4292 1285 4374 EgoOslacus
1299 4290 1403 4354 miles.

299 4396 339 4475 ›1‹
355 4395 425 4476 Ego
442 4393 532 4457 Dord
548 4394 648 4457 miles.
715 4399 755 4477 ›1‹
768 4397 839 4478 Ego
856 4395 975 4458 Durlril
990 4395 1093 4459 miles.
1164 4398 1204 4477 ›1‹
1221 4396 1293 4478 Ego
1307 4393 1403 4458 Drim
