3234 5125
499 394 822 453 MISOELLANEOUS
840 390 1053 452 CHARTERS.
1276 394 1330 448 350

221 585 283 647 qne
298 564 338 630 ad
353 566 443 631 illam
458 568 634 652 pertinent.
669 570 821 633 Concedo
831 570 879 633 eis
893 569 1001 647 etiam,
1019 569 1053 631 in
1068 567 1220 631 omuibus
1235 566 1328 630 terris

220 668 286 731 snis
301 671 542 752 prenominatis,
555 671 803 736 consuetudines
818 672 872 735 hic
881 672 1018 754 Anglice
1032 670 1178 753 scriptas,
1195 667 1327 743 scilicet,

219 770 472 859 infangenepeof,
497 774 704 852 mondbruoe,
732 770 1328 856 mischenninge,u'61eav,ferdvvite,

220 874 387 954 wearvvite,
401 875 561 953 blodvvite,
577 876 775 960 hleastynge,
788 876 1175 958 sceavvinge,-hamsocne,
1189 871 1327 949 forstall,

220 976 361 1061 aliasque
375 1000 486 1043 omnes
506 980 593 1062 leges
617 990 650 1044 et
665 980 915 1045 consuetudines
937 1000 1000 1063 que
1019 979 1130 1042 adme
1151 976 1325 1060 pertinent.

220 1081 346 1147 Donavi
368 1083 468 1147 etiam
484 1083 655 1162 Richardo,
670 1083 822 1166 religioso
845 1082 965 1161 abbati,
981 1089 1015 1145 et
1036 1080 1188 1145 omnibus
1206 1077 1326 1141 firturis

220 1191 293 1265 post
319 1204 394 1247 eum
423 1184 543 1249 ibidem
572 1183 751 1264 abbatibus,
777 1193 812 1249 et
833 1184 988 1248 fratribus
1020 1182 1165 1268 ejusdem
1192 1180 1264 1257 loci,
1289 1179 1323 1241 in
1347 1242 1350 1248 .

219 1284 308 1346 omni
328 1284 471 1367 predicta
491 1285 677 1349 monasterii
692 1285 902 1369 possessione,
917 1307 1024 1350 sacam
1038 1292 1073 1348 et
1087 1304 1204 1361 socam,
1220 1280 1323 1345 thelo-

219 1406 381 1470 neumque
406 1408 501 1451 suum
524 1388 560 1451 in
583 1394 671 1451 terra
693 1388 781 1452 etin
803 1409 897 1472 aqua,
913 1395 947 1452 et
970 1386 1324 1467 consuetudinemque

199 1568 201 1573 Ι
219 1488 338 1554 dicitnr
348 1500 478 1571 teames,
488 1492 630 1556 latrones
644 1492 873 1575 latronumque
888 1491 1053 1575 captiones
1060 1491 1111 1554 vel
1126 1488 1322 1565 emissiones,

219 1599 252 1655 et
277 1592 363 1677 pacis
389 1593 573 1672 straturam,
598 1601 631 1657 et
656 1614 799 1677 pugnem
822 1593 858 1656 in
880 1593 976 1657 domo
998 1594 1128 1670 factam,
1152 1600 1186 1654 et
1208 1589 1323 1653 domna

219 1693 425 1775 invasionem,
440 1704 473 1759 et
488 1718 600 1760 omnes
623 1696 764 1759 assultus
782 1695 818 1759 in
838 1716 896 1759 sno
908 1696 993 1778 jure,
1008 1696 1044 1758 in
1058 1695 1110 1759 via
1124 1701 1158 1757 et
1171 1700 1272 1771 extra,
1287 1692 1323 1754 in

218 1796 301 1860 festo
316 1805 348 1861 et
362 1806 462 1876 extra,
478 1797 513 1861 in
527 1798 607 1861 urbe
623 1804 656 1862 et
671 1805 772 1877 extra,
787 1798 823 1860 in
838 1818 921 1880 aqua
934 1805 968 1861 et
983 1804 1082 1875 extra,
1097 1803 1167 1859 tam
1180 1795 1275 1878 plene
1289 1802 1322 1857 et

216 1906 285 1963 tam
308 1900 417 1965 libere·
431 1901 515 1965 sicut
538 1921 590 1964 eas
617 1899 774 1965 habebam
799 1900 835 1963 in
854 1920 955 1963 manu
976 1921 1066 1976 mea;
1089 1899 1188 1962 nullis
1210 1898 1321 1981 itaque

217 2022 359 2085 unquam
382 2010 555 2086 graventur
576 2001 728 2067 oneribus
752 2001 995 2086 expeditionum
1019 2022 1078 2065 nec
1103 2000 1252 2084 pontium
1270 2000 1322 2063 vel

217 2111 394 2168 castrorum
409 2100 633 2183 restructione,
648 2125 709 2168 nec
723 2104 882 2187 regalium
900 2103 967 2167 sive
981 2103 1209 2187 episcopalium
1223 2104 1319 2166 mini-

217 2212 357 2269 strorum
381 2206 555 2270 exactione.
601 2206 748 2270 Defende
768 2207 911 2290 insuper,
927 2214 961 2269 et
985 2226 1024 2269 cx
1050 2205 1182 2270 nomine
1210 2214 1320 2270 sancte

217 2307 383 2371 trinitatis
408 2308 572 2392 prohibeo,
591 2316 636 2383 ut,
652 2309 761 2372 nullus
787 2330 901 2392 regum
924 2308 1174 2387 succedentium,
1198 2309 1319 2392 episco-

217 2432 341 2494 porum,
370 2411 562 2495 principum,
602 2411 767 2489 comitum,
798 2411 1034 2489 vicecomitum,
1065 2420 1319 2494 procuratorum,

216 2513 282 2578 sive
296 2512 431 2578 aliorum
452 2534 565 2597 regum
580 2513 757 2592 clientium,
772 2514 824 2578 vel
838 2514 1070 2598 episcoporum,
1085 2513 1319 2592 ministrorum,

215 2623 353 2698 pastum,
377 2637 520 2694 censum,
547 2617 598 2680 vel
627 2616 873 2699 impensionem,
897 2639 956 2680 seu
979 2617 1067 2680 aliud
1097 2615 1255 2699 quidlibet
1278 2616 1319 2681 ab

215 2719 347 2782 ccclesia
361 2719 426 2798 illa,
443 2719 493 2783 vel
508 2741 527 2782 a
542 2719 637 2783 terris
651 2718 845 2802 praescriptis
861 2719 902 2782 ad
915 2741 987 2783 eam
1002 2718 1246 2803 pertinentibus,
1261 2740 1319 2802 per

214 2820 279 2884 vim
303 2829 360 2886 aut
382 2842 439 2905 per
462 2821 738 2900 consuetudinem,
763 2821 880 2904 exigat,
901 2822 957 2885 sed
980 2821 1199 2885 omnimodam
1222 2823 1317 2886 liber-

214 2931 315 2987 tatem
348 2946 420 2988 mea
453 2924 542 3008 regia
571 2923 830 2988 corroboratione
864 2923 1092 3008 perpetualiter
1123 2924 1318 3007 possideant,

214 3027 365 3109 quatinus
388 3027 457 3110 ipsa
478 3026 628 3110 religiosa
651 3026 774 3104 concio,
799 3048 857 3110 pro
882 3027 1025 3090 remedio
1050 3027 1156 3090 anime
1179 3049 1261 3106 mec,
1284 3036 1318 3092 et

214 3151 431 3195 successorum
460 3151 605 3194 meorum
635 3149 748 3212 regum
774 3130 903 3212 Anglie,
928 3129 1139 3214 omniumque
1167 3129 1316 3194 benefac·

192 3305 195 3311 ,
212 3241 320 3298 torum
338 3233 481 3316 ejusdem
501 3231 643 3310 ecclesie,
659 3253 696 3296 ac
714 3232 857 3295 fidelium
876 3233 988 3310 salute,
1005 3233 1174 3315 pervigiles
1195 3234 1315 3318 persol-

213 3343 266 3399 vat
282 3335 530 3424 deprecationes,
549 3333 720 3417 oleumque
740 3333 824 3398 bone
846 3335 993 3413 actionis,
1007 3357 1098 3400 more
1122 3337 1327 3420 sapientium.

212 3438 382 3521 virginum,
402 3436 462 3500 sub
482 3435 596 3500 habitu
621 3437 796 3519 religionis,
813 3457 942 3502 servans
963 3437 1094 3502 Christo
1117 3440 1258 3505 Domino
1282 3449 1316 3503 et

212 3542 281 3624 ejus
295 3539 388 3603 beato
403 3539 547 3623 apostolo
556 3539 663 3616 Petro,
679 3537 838 3602 indefesse
853 3539 1020 3603 deserviat.
1068 3540 1104 3602 Si
1118 3541 1191 3624 quis
1205 3551 1314 3606 autem

212 3651 323 3706 oontm
348 3641 432 3705 hano
454 3640 655 3704 auctoritatis
672 3647 782 3704 nostre
796 3640 947 3724 paginam
964 3642 1111 3721 senserit,
1131 3643 1314 3728 quicunque

210 3745 264 3808 ille
278 3744 385 3822 fixerit,
396 3743 616 3827 cujuscunque
631 3743 725 3806 etatis
739 3742 792 3806 vel
805 3743 986 3825 potestatis,
1001 3743 1119 3826 gredm
1134 3751 1167 3807 et
1181 3745 1312 3824 ordinis,

210 3855 243 3910 et
257 3867 328 3911 eam
349 3845 524 3926 infringere
538 3844 684 3922 voluerit,
700 3844 751 3907 vel
769 3843 849 3908 alios
864 3845 904 3909 ad
919 3845 982 3908 boc
996 3845 1196 3924 conduxerit,
1211 3867 1311 3908 nnus-

209 3948 343 4031 qnisquc
357 3968 415 4030 pro
430 3946 533 4029 seipso
546 3944 645 4009 libres
660 3966 691 4009 v.
707 3946 853 4029 partibus
866 3948 978 4010 Sancti
992 3947 1080 4011 Petri
1095 3947 1262 4030 persolvat,
1279 3956 1313 4012 et

208 4048 359 4133 quicquid
380 4047 495 4112 exinde
513 4049 610 4111 fiscus
629 4055 749 4126 noster,
766 4049 801 4110 in
821 4048 971 4127 murdris,
987 4049 1099 4131 geldis,
1115 4048 1309 4131 denegeldis,

207 4151 420 4235 omnibusque
435 4150 506 4213 aliis
520 4150 615 4214 rebus
624 4150 673 4213 vel
688 4149 866 4233 stipendiis,
879 4171 942 4234 que
953 4150 1093 4214 interris
1107 4150 1171 4212 illis
1185 4172 1311 4214 surrex·

207 4255 302 4332 erint,
323 4253 363 4317 ad
388 4261 512 4337 partem
538 4259 683 4315 nostram
709 4273 837 4336 sperare
862 4260 998 4335 poterat,
1025 4252 1061 4314 in
1083 4252 1308 4332 luminaribus,

205 4357 272 4421 sive
285 4357 422 4422 fratrum
435 4355 536 4440 ipsius
547 4355 735 4418 monasterii
747 4355 849 4420 victus
865 4355 1047 4419 aminiculis
1062 4355 1245 4438 perenniter
1254 4378 1312 4440 per
