3234 5125
473 438 794 496 MISCELIANEOUS
816 441 1032 498 canamus.
1269 446 1304 499 n

194 630 301 694 neque
325 609 361 673 in
378 609 440 674 boc
463 610 570 675 seculo
590 631 693 695 neque
714 611 750 677 in
769 612 891 692 buturo,
907 613 971 677 nisi
990 621 1066 678 ante
1085 622 1233 693 mortem,
1252 636 1301 680 se·

194 713 338 777 cundum
354 712 514 797 judicium
531 712 759 799 archiepiscopi
776 715 1005 781 emendaverit.
1052 717 1126 781 Hoc
1146 716 1302 801 scriptum

194 815 414 899 irmfingabile
436 838 495 879 sua
508 816 663 881 firmitate
683 818 861 897 muniatur,
875 827 1029 897 servetur,
1045 825 1079 882 et
1099 840 1225 903 semper
1243 822 1302 885 ba·

194 918 310 983 beatur
331 918 367 981 in
390 916 523 983 ecelesia
545 918 729 999 Salutaris,
745 942 808 1004 que
830 921 893 986 sita
914 921 1021 985 estin
1043 922 1173 987 civiute
1194 922 1300 987 Doro-

195 1020 318 1100 bernia,
344 1021 403 1085 ubi
425 1020 546 1106 primas
568 1022 716 1102 babetur,
738 1024 779 1087 ad
801 1022 983 1107 exemplum
1005 1024 1151 1093 omnium
1174 1025 1307 1114 ecclesi..

194 1145 299 1203 anum,
314 1131 412 1209 atque
423 1123 652 1189 deffensionem
667 1146 729 1209 que
742 1126 778 1189 in
792 1126 913 1210 Anglia
927 1125 1074 1192 babetur.

241 1227 281 1309 ›1‹
297 1228 369 1310 Ego
382 1226 583 1307 Wibtredus,
604 1228 724 1293 auxilio
737 1228 861 1294 Christi
876 1250 943 1307 rex,
958 1228 1022 1293 biis
1035 1229 1161 1313 legibus
1182 1229 1301 1294 eonsti-

195 1330 277 1394 tutis
291 1351 350 1413 pro
364 1351 417 1395 me
430 1339 464 1394 et
479 1328 669 1414 Werberga¹
687 1330 799 1415 regina
812 1332 956 1415 itemque
970 1330 1038 1395 sulio
1052 1339 1164 1396 nostro
1178 1332 1302 1397 AElrico

195 1432 379 1517 subscripsi.
425 1433 464 1515 ›1‹
481 1433 552 1516 Ego
566 1433 811 1514 Bribtuualdus‚
829 1434 934 1519 gratia
948 1433 1012 1499 Dei
1032 1434 1299 1519 archiepiscopus,

194 1534 258 1599 biis
269 1534 394 1619 legibus
409 1534 596 1601 constitutis
609 1534 793 1621 subscripsi.

494 1834 997 1845 ψ

422 2055 548 2111 *KING
566 2056 635 2111 lNll
652 2055 701 2111 OF
718 2055 887 2117 WEAESEX.
924 2055 1087 2113 nexem.

239 2208 338 2290 s1⁴In
353 2208 483 2272 nomine
498 2208 632 2271 Domini
647 2207 711 2273 Dei
726 2208 829 2272 nostri
849 2209 952 2272 Jhesu
970 2174 1092 2273 Cliristi
1110 2208 1296 2273 Salvatoris.

192 2310 243 2373 Ea
261 2332 324 2395 que
346 2308 523 2375 secundum
546 2309 675 2375 decreta
698 2324 859 2375 canonum
881 2310 1053 2375 salubriter
1070 2308 1297 2388 decernuntur,

193 2412 339 2496 quamvis
359 2434 464 2477 sermo
479 2420 608 2477 tantum
627 2413 668 2477 ad
683 2413 907 2478 testimonium
925 2413 1095 2491 sufficeret,
1110 2421 1220 2476 tamen
1239 2432 1299 2495 pro

191 2516 316 2582 incerta
343 2516 446 2581 futuri
474 2516 628 2600 temporis
657 2515 869 2600 ambigsutate
905 2516 1089 2580 firmissima
1116 2514 1297 2581 litterarum

191 2621 418 2704 astipulatione
432 2621 634 2686 roborentur.
680 2622 884 2705 Quapropter
906 2642 966 2703 ego
984 2619 1038 2683 Ini
1058 2641 1113 2684 rex
1131 2621 1296 2683 Saxonum

191 2729 312 2787 terram
325 2724 420 2809 juxta
433 2721 647 2802 Abbendune,
664 2743 826 2788 cnxxnn.
842 2730 1052 2800 cassatorum,
1075 2721 1171 2785 Hean
1186 2720 1296 2786 abbati

191 2825 331 2890 libenter
350 2825 486 2905 reddidi,
516 2846 613 2909 qnam
637 2825 729 2891 Cissa
752 2846 811 2889 rex
840 2824 901 2888 sibi
925 2845 963 2888 ac
985 2823 1092 2887 Cillan
1116 2821 1218 2887 sorori
1239 2843 1296 2888 sue

191 2935 290 3013 atque
311 2927 470 2994 abbatisse
484 2928 655 3013 aliquando
669 2927 819 2993 dederat:
843 2927 899 2992 sed
919 2927 981 2991 Ina
1001 2948 1058 2992 rex
1077 2925 1213 2990 eandem
1229 2933 1295 2989 ter-

191 3052 262 3094 ram
284 3039 404 3115 postea,
420 3031 498 3095 dum
520 3051 620 3116 regno
641 3029 800 3116 potiretur
820 3029 973 3114 diripiens
995 3051 1032 3094 ac
1049 3027 1224 3113 reipublice
1243 3047 1294 3093 re·

190 3132 309 3213 stituit,
335 3134 481 3199 nondum
503 3139 689 3199 constructo
717 3132 913 3199 monasterio
933 3132 969 3195 in
991 3153 1038 3211 ea,
1064 3153 1124 3197 nec
1145 3131 1213 3196 ullo
1238 3131 1295 3196 ad·

190 3231 325 3297 modum
347 3233 487 3299 oratorio
509 3241 634 3311 erect03
664 3253 775 3296 rursus
798 3241 907 3296 autem
927 3230 968 3297 ad
989 3231 1204 3296 edificandum
1225 3253 1296 3296 mo·

190 3335 369 3400 nssterium
386 3335 490 3400 eidem
507 3336 635 3414 Heano,
651 3335 786 3420 patricio
803 3342 884 3398 tunc
900 3333 1056 3418 temporis
1074 3355 1143 3414 suo,
1158 3335 1293 3399 eandem

190 3445 312 3502 terram
335 3437 501 3503 redonavit
521 3437 649 3502 dicens:
679 3437 750 3522 Ego
774 3437 837 3501 Ina
854 3436 1048 3501 monarchus
1069 3438 1208 3501 Saxonis
1221 3457 1294 3520 reg-

189 3548 291 3605 nante
301 3539 454 3620 Domino,
469 3539 591 3623 regalia
604 3539 788 3623 gubernans
809 3546 946 3623 sceptra,
962 3545 1083 3602 terram
1097 3561 1194 3623 quam
1211 3561 1292 3624 prae·

188 3643 365 3708 decessoris
390 3641 455 3707 mei
478 3641 569 3707 Cissa
594 3649 627 3705 et
654 3641 752 3706 ceteri
778 3641 895 3706 Hcano
919 3640 1055 3726 patricio
1078 3662 1199 3726 sueque
1222 3663 1293 3726 ger·

188 3767 287 3812 mane
308 3745 413 3810 Cillan
438 3743 562 3809 dedisse
583 3752 772 3823 noscuntur,
795 3743 915 3808 iterum
937 3765 1012 3809 cum
1034 3744 1168 3808 consilio
1194 3745 1293 3828 pluri-

189 3871 319 3914 morum
339 3847 438 3912 reddo
458 3856 491 3912 et
512 3847 643 3912 relinco.
694 3847 821 3912 Deinde
838 3846 1003 3930 predictus
1022 3847 1177 3932 patricius
1198 3848 1294 3912 Heau

189 3975 224 4018 ae
239 3974 315 4017 cum
337 3951 426 4016 omni
448 3949 601 4016 facultate
616 3957 722 4015 suaet
736 3949 870 4034 praefata
884 3957 972 4014 terra
985 3949 1217 4035 omnipotentis
1232 3951 1295 4014 Dei

188 4055 323 4132 servitio
342 4052 497 4132 subdidit,
513 4073 629 4136 meque
644 4051 685 4114 ad
700 4051 954 4116 construendum
968 4053 1199 4117 monasterium
1213 4052 1294 4116 illud

188 4159 225 4222 in
249 4159 320 4222 loco
343 4177 441 4242 supra
462 4155 642 4234 nominato,
661 4152 694 4218 id
716 4162 765 4219 est
783 4155 880 4238 juxta
901 4155 1116 4233 Abbendune‚
1138 4156 1293 4238 regulari-

227 4345 234 4374 ¹
255 4341 287 4395 ln
300 4359 316 4396 a
327 4342 436 4396 chartei
442 4341 473 4396 οἱ
481 4341 542 4410 694,
555 4341 602 4394 the
614 4357 701 4411 queen
713 4339 744 4393 cl
753 4339 883 4395 Wibtred
894 4341 919 4394 is
930 4341 1029 4396 named
1038 4340 1192 4412 Cynegytb,
1203 4299 1257 4396 and
1265 4343 1293 4397 in

187 4427 310 4484 cbartars
322 4428 352 4483 ol
360 4431 413 4482 896
425 4426 478 4482 sud
489 4427 550 4494 697,
564 4425 841 4481 AEtbelburb.—Cod
856 4427 928 4499 Dipl.
939 4427 957 4482 i.
970 4428 1014 4494 42,
1027 4427 1070 4495 48,
1078 4427 1121 4480 49.
