3234 5125
308 428 360 485 862
583 429 906 489 MISOELLANEOUS
924 429 1139 489 cudamus.

308 600 396 664 obde
425 600 554 683 gautige
579 612 678 664 naora
701 600 794 684 gaola
819 622 839 683 Ἰ
880 625 925 668 no
955 611 1092 669 account
1124 602 1217 668 allow
1246 603 1320 667 that
1349 624 1414 689 any

308 703 406 766 heora
429 703 574 767 almoese·
600 704 686 767 olibe
704 705 763 768 'dat
782 706 842 769 der
880 722 957 766 man
985 704 1062 767 take
1090 723 1181 786 away
1209 722 1247 766 or
1275 701 1413 767 alienate

307 804 390 887 tenig
414 826 514 869 manu
540 806 667 889 aenigne
691 806 840 891 onstingc
878 805 965 869 their
978 805 1056 889 gifts
1069 806 1133 870 and
1147 804 1233 869 their
1247 804 1348 883 alma,
1374 826 1413 869 or

307 906 412 972 habbe
447 929 490 971 on
526 907 668 991 aenigum
704 908 838 995 pingum
878 903 951 967 that
968 924 1033 990 any
1047 926 1125 967 man
1138 904 1220 968 have
1233 904 1325 967 there
1345 924 1411 988 any

306 1011 392 1075 olibe
403 1031 446 1075 on
457 1012 598 1095 renigum
609 1012 723 1075 timan·
736 1012 838 1077 butan
878 1007 1043 1091 authority
1057 1007 1093 1069 in
1110 1028 1174 1091 any
1188 1006 1309 1088 things,
1325 1028 1362 1069 or
1375 1014 1410 1069 at

306 1134 340 1177 se
366 1113 469 1178 abbod
493 1134 511 1195 J
538 1117 582 1179 lis
604 1114 782 1197 gebi-obera
802 1123 838 1181 to
877 1129 942 1193 any
970 1110 1059 1188 time,
1089 1117 1203 1192 except
1230 1109 1288 1173 the
1310 1107 1410 1173 abbot

304 1216 373 1280 aas
408 1216 560 1281 minstras
595 1216 707 1279 ueode.
763 1217 836 1282 God
877 1210 941 1274 and
980 1211 1036 1275 the
1072 1210 1230 1289 brothers,
1267 1210 1317 1274 for
1351 1210 1409 1275 the

304 1338 371 1383 eow
385 1320 465 1384 ealle
480 1318 665 1401 gehealde]
684 1318 750 1403 gdfe
769 1340 837 1385 aow
876 1316 1088 1398 monastery's
1107 1313 1198 1377 need·
1244 1312 1319 1377 God
1335 1333 1407 1396 pre·

304 1441 359 1486 ece
373 1423 522 1506 gesoelbe.
566 1424 683 1487 Amen.
876 1436 965 1480 serve
993 1437 1059 1501 you
1082 1416 1134 1494 all,
1159 1414 1223 1479 and
1248 1415 1320 1498 gire
1342 1434 1408 1499 you

875 1519 998 1583 eternal
1012 1518 1098 1583 bliss.
1142 1520 1260 1583 Amen.

433 1992 451 2027 ι
462 1979 559 2035 KING
579 1979 778 2034 FADWARD
795 1978 876 2033 THE
893 1977 1120 2034 CONFFSSOR
1157 1978 1283 2034 mv.

344 2128 385 2191 In
413 2126 545 2191 nomine
574 2134 696 2189 sanctie
719 2132 752 2189 et
781 2124 955 2189 individuae
984 2124 1163 2189 Trinitatis.
1216 2126 1289 2207 Ego
1317 2124 1402 2187 Ead-

299 2229 384 2293 ward
391 2231 454 2313 [us,
470 2228 533 2293 Dei
547 2228 652 2311 gratia
666 2227 849 2311 Anglorum
863 2249 929 2305 rex,
939 2226 1090 2311 futuris]¹
1105 2235 1178 2311 post
1192 2247 1245 2290 me
1259 2227 1401 2309 regibus,

299 2332 464 2415 episcopis,
495 2330 675 2409 abbatibus,
705 2330 887 2409 comitibus,
913 2330 1165 2407 vicecomitibus,
1188 2338 1222 2393 et
1250 2330 1401 2393 omnibus

303 2434 450 2517 [omnino
468 2433 671 2512 Christianis,
688 2432 835 2498 salutern.
880 2432 964 2496 Cum
981 2433 1043 2516 piae
1063 2432 1252 2516 voluntatis]
1275 2431 1399 2495 deside-

296 2535 393 2616 rium,
416 2544 449 2601 et
470 2535 640 2601 laudanda,
663 2534 843 2600 devotionis
863 2534 1003 2599 intentio
1023 2534 1186 2618 regalibus
1211 2535 1253 2598 sit
1274 2555 1399 2618 semper

296 2639 411 2703 studiis
438 2639 638 2723 sdjuv[anda
660 2659 737 2702 cura
760 2646 807 2702 est
827 2638 1052 2702 sollicitudinis
1074 2637 1265 2717 adhibenda,
1284 2647 1322 2701 ut
1340 2637 1393 2722 ea]

295 2764 367 2826 quae
386 2764 445 2826 pro
461 2743 569 2826 quiete
592 2742 749 2824 religiosae
770 2741 1022 2805 conversationis
1043 2748 1120 2804 sunt
1141 2741 1307 2818 ordinata;
1337 2761 1398 2804 nec

293 2844 507 2909 dissimulatio
521 2843 704 2928 negliger[e
721 2864 782 2908 neo
796 2843 864 2906 ulla
877 2843 962 2907 valet
982 2843 1181 2927 presumptio
1198 2843 1396 2926 perturbare,

293 2946 363 3031 sed]
384 2948 467 3011 sicut
487 2947 549 3010 hoc
567 2946 653 3029 quod
669 2945 752 3009 ratio
772 2945 920 3027 exigebat
936 2946 1080 3028 oportuit
1095 2944 1233 3023 definiri,
1248 2945 1295 3009 ita
1308 2945 1396 3028 quod

292 3049 461 3114 definitum
483 3056 532 3112 est
553 3068 619 3112 non
641 3047 736 3112 debet
755 3047 898 3131 viola[ri.
943 3049 1148 3131 Quapropter
1168 3049 1293 3111 noverit
1313 3069 1395 3132 proe·

292 3153 433 3215 sentium
455 3149 715 3234 futurorumque]
742 3150 944 3228 universitas,
960 3151 1046 3233 quod
1064 3151 1268 3214 fidelissimus
1285 3162 1395 3216 noster

292 3252 469 3316 Wlnothus
490 3250 598 3330 abbas,
622 3259 656 3314 et
676 3252 826 3316 monachi
849 3253 1035 3316 monasterii
1061 3261 1112 3317 ter
1133 3253 1220 3317 beati
1246 3255 1392 3339 ap[0sto·

290 3355 396 3420 lorum
419 3354 571 3437 principis
601 3353 719 3436 Petri]‚
749 3354 918 3437 peculiaris
944 3355 1072 3437 patroni
1105 3355 1217 3434 nostri,
1244 3356 1392 3421 adienmt

290 3458 495 3521 serenitatem
516 3463 660 3520 nostram
681 3456 848 3520 humiliter
867 3456 1080 3536 obsecrantes,
1104 3465 1140 3520 ut
1162 3458 1245 3522 sicut
1267 3459 1391 3542 antiqui

288 3567 322 3624 et
351 3559 481 3643 gloriosi
510 3558 690 3642 Anglorum
715 3579 816 3642 reges,
841 3558 1018 3642 Eadgarus,
1038 3559 1243 3638 Eadwardus,
1267 3561 1391 3624 AEthel·

289 3661 415 3740 drudus,
437 3661 659 3739 Eadmundus‚
675 3661 812 3740 Cnutus,
831 3669 864 3725 et
881 3661 1007 3745 reliqui,
1023 3661 1079 3745 qui
1099 3683 1202 3745 usque
1221 3663 1263 3726 ad
1280 3673 1391 3728 nostra

287 3772 432 3846 tempora
457 3762 542 3826 idem
566 3763 892 3828 westmonasterium
915 3764 1090 3847 supradicti
1115 3765 1219 3828 sancti
1241 3767 1388 3848 apostoli,

286 3865 486 3930 decretorum
512 3885 643 3929 suorum
673 3865 894 3929 sanctionibus
928 3866 1076 3950 [oo]utra
1103 3867 1289 3950 iniquorum
1317 3891 1388 3953 per·

284 3969 447 4032 vasionem
482 3968 676 4046 munierant,
706 3975 803 4051 atque
832 3968 1053 4052 episcoporum
1081 3977 1114 4032 et
1140 3971 1387 4052 apostolicorum

284 4091 441 4136 consensu
464 4076 497 4132 et
526 4069 717 4133 auctoritate
746 4070 962 4152 postulatione
989 4071 1078 4154 regia
1105 4072 1180 4154 plen
1187 4072 1309 4154 [issime
1334 4096 1387 4139 ro-

283 4172 404 4255 borari]
430 4179 641 4255 poposcerant
650 4198 660 4249 ;
684 4171 731 4234 ita
750 4192 821 4251 nos,
841 4173 905 4236 Dei
921 4174 1025 4237 nostri
1040 4173 1239 4238 voluntatem
1264 4176 1298 4238 iu
1316 4198 1385 4241 om-

282 4275 377 4340 nibus
388 4281 568 4357 sequeutes,
579 4281 611 4336 et
620 4273 693 4336 illos
701 4273 948 4357 predecessores
955 4277 1199 4340 nostrosinhoc
1210 4277 1380 4365 fidel[itar]

317 4411 326 4441 ¹
344 4405 402 4460 The
413 4403 502 4458 words
512 4403 634 4459 between
646 4403 770 4460 brackets
781 4425 826 4461 arc
834 4407 957 4479 wanting
966 4409 995 4462 in
1007 4408 1066 4463 MS.
1080 4409 1155 4464 uota
1168 4411 1240 4482 Aug.
1253 4411 1290 4465 11.
1304 4414 1346 4468 58.
