3234 5125
486 441 806 500 MISOELLANEOUS
825 435 1038 497 GHAR'l‘ERS.
1281 439 1316 493 79

212 615 253 680 ad
269 614 355 680 idem
374 613 604 678 monasterium
621 614 684 678 rite
701 613 911 697 pertinencia,
927 615 1060 699 ejusque
1078 611 1200 676 familie
1217 629 1312 674 vene·

212 717 310 781 raude
333 716 393 780 sub
415 716 561 781 custodia
581 717 759 800 primorum
781 717 973 800 regulariter
993 737 1069 781 cum
1086 723 1176 779 metu
1191 702 1318 778 Christi

212 818 410 902 (legencium,
434 818 583 884 videlicet
611 818 652 882 ad
680 819 956 884 sustentacionem
984 819 1072 883 illius
1094 817 1230 896 cenobii,
1254 837 1314 900 pro

213 943 320 986 amore
341 921 474 1000 Christi,
492 921 606 986 libenti
629 921 738 985 animo
759 922 902 986 concedo
923 929 957 986 et
977 921 1143 999 confirmo,
1161 941 1226 1004 quo
1246 919 1314 983 illic

213 1024 408 1089 unanimiter
423 1025 565 1088 Domino
585 1023 759 1088 servientes
778 1045 838 1108 pro
856 1024 939 1088 meis
955 1045 1022 1088 non
1036 1024 1194 1088 desistant
1213 1023 1313 1086 inter-

213 1128 320 1192 venire
348 1126 586 1212 peccaminibus
616 1134 714 1210 atque
743 1125 978 1190 offensionibus
1006 1126 1195 1190 innumeris.
1241 1125 1315 1188 Hoc

214 1231 311 1294 etiam
331 1230 366 1294 in
385 1231 447 1293 ista
464 1229 651 1294 donacionis
670 1237 705 1293 et
726 1229 982 1294 confirmacionis
1001 1228 1134 1307 cartida,
1150 1235 1189 1292 ut
1208 1227 1236 1292 si
1258 1227 1315 1290 ali·

214 1333 340 1417 quando
369 1333 495 1416 aliquis,
518 1331 605 1415 quod
633 1330 727 1410 absit,
751 1331 900 1395 suasione
922 1331 1080 1396 diabolica
1103 1330 1154 1394 vel
1182 1329 1317 1394 avaricie

214 1435 352 1500 fascibus
375 1455 535 1514 1111111111,
556 1455 668 1518 regum
689 1453 920 1513 successorum,
935 1435 972 1497 in
990 1453 1109 1517 magno
1128 1431 1178 1497 vel
1194 1433 1229 1496 in
1246 1453 1315 1496 mo·

215 1537 295 1616 dico,
310 1537 343 1601 vi
357 1537 408 1602 vel
422 1537 599 1616 voluntate,
615 1537 761 1600 minuere
776 1537 992 1621 temptaverit,
1008 1537 1090 1602 sciat
1107 1557 1141 1600 se
1158 1557 1179 1599 a
1193 1535 1317 1600 Christi

215 1639 378 1705 consorcio
406 1647 440 1704 et
468 1637 615 1703 omnium
644 1647 830 1703 sanctorum
860 1647 1054 1724 separatum,
1077 1647 1111 1703 11
1135 1657 1210 1703 cum
1232 1639 1317 1703 Iuda

214 1742 368 1806 traditore
397 1742 431 1806 in
452 1741 580 1806 inferno
608 1739 752 1806 inferiori
781 1741 1004 1826 dampnatum,
1031 1741 1095 1805 nisi
1120 1748 1195 1806 ante
1224 1741 1316 1805 satis·

215 1845 353 1909 factione
373 1844 471 1928 digna
492 1843 684 1928 plenem-ime
706 1843 935 1908 emendaverit.
980 1845 1066 1909 Acta
1086 1852 1136 1910 est
1156 1843 1316 1928 11111111-

215 1947 281 2011 fata
305 1946 440 2010 donacio
469 1953 503 2010 et
532 1945 737 2011 confirmacio
766 1966 853 2010 anno
874 1946 915 2011 ab
937 1947 1162 2012 incarnatione
1183 1945 1318 2012 Domini

217 2069 413 2114 occcmrr.
428 2047 493 2112 hiis
507 2048 806 2114 consencientibus:

259 2153 330 2236 Ego
351 2149 572 2216 AEtheluulfirs
592 2171 648 2214 rex
669 2150 754 2216 hauc
775 2151 936 2216 libertatis
956 2151 1166 2216 donacionem
1187 2160 1221 2216 et
1242 2169 1318 2215 con-

218 2255 435 2319 firmacionem
454 2253 569 2318 vexillo
591 2261 703 2319 111111
732 2254 837 2318 cmcis
857 2253 1023 2319 1111111111
1043 2262 1077 2318 et
1098 2255 1318 2337 1111111111οῂ.

218 2359 288 2441 Ego
300 2357 487 2422 vaithunus
495 2355 662 2440 episcopus
672 2356 841 2421 Wintonie
853 2356 1019 2422 subscribo
1031 2357 1083 2439 vx«.
1110 2357 1182 2440 Ego
1192 2355 1318 2420 AEthel-

217 2467 328 2524 stanus
350 2459 520 2544 episcopos·
544 2457 741 2543 Syrebumic
763 2458 929 2524 subscribo
944 2462 996 2541 ᾧ.
1040 2461 1114 2544 Ego
1137 2459 1321 2523 Hunis-idus

218 2562 316 2627 abbas
330 2562 495 2627 subscribo
511 2564 562 2643 ᾖ.
608 2563 680 2645 Ego
695 2562 883 2627 Osmundus
897 2563 1055 2646 presbiter
1069 2562 1235 2627 subscribo
1251 2566 1302 2645 ᾖ.

462 2926 558 2982 KING
576 2927 791 2983 ECGBERHT.
828 2927 1072 2984 ccccxxvffl.

264 3079 305 3158 »1⁴
320 3076 363 3141 In
377 3076 508 3140 nomine
524 3076 658 3140 Domini
671 3075 775 3139 nostri
790 3074 894 3139 Jhesu
907 3074 1040 3155 Christi,
1057 3077 1128 3160 Ego
1143 3076 1322 3161 Ecgbertus

219 3179 323 3261 gratia
351 3178 414 3243 Dei
438 3199 495 3243 1111
524 3179 717 3262 Anglorum,
747 3198 824 3241 cum
846 3198 1005 3242 consensu
1033 3179 1254 3264 episcoporum
1284 3204 1322 3247 ac

220 3280 401 3366 principum
425 3302 582 3359 meorum,
612 3280 696 3346 hunc
721 3278 905 3345 libertatem
935 3280 1054 3345 donabi
1083 3281 1225 3348 ecclesiae
1250 3296 1331 3369 quar

220 3382 284 3446 sita
304 3392 353 3448 cst
374 3384 410 3447 in
432 3383 562 3449 civitate
583 3382 700 3462 Hrobi,
719 3388 752 3447 et
773 3384 925 3447 omnibus
941 3384 1054 3466 agellis
1075 3406 1147 3468 quae
1167 3387 1208 3450 ad
1225 3389 1324 3453 eccle-

220 3485 302 3550 siam
322 3486 435 3551 Sancti
452 3486 591 3550 Audreae
612 3485 749 3569 apostoli
770 3486 944 3569 pertinent,
967 3508 1026 3570 pro
1043 3488 1186 3553 remedio
1207 3490 1324 3555 animoe

220 3610 301 3654 meae
320 3596 354 3653 et
372 3587 431 3652 filii
448 3588 551 3652 nostri
573 3587 776 3667 AEtheluulfi,
796 3608 893 3671 quem
912 3609 1022 3671 regem
1040 3591 1269 3656 constituimus
1288 3594 1324 3657 in

222 3692 350 3771 Cautia,
367 3698 404 3754 ut
419 3710 532 3755 omnes
549 3710 642 3773 agros
659 3685 725 3754 sint
745 3690 848 3755 libera
864 3690 906 3754 ab
923 3692 1013 3755 omni
1027 3692 1128 3777 regali
1147 3696 1289 3775 servitio,
1305 3719 1325 3760 a

222 3802 317 3879 pastu
341 3814 454 3877 regum
483 3800 517 3857 et
538 3792 732 3877 principum,
761 3791 882 3856 ducum
911 3800 945 3857 11
972 3795 1168 3878 praelectnm,
1198 3806 1325 3862 exacto.

222 3916 369 3980 rumque,
392 3895 433 3959 ab
455 3916 611 3979 equorum
634 3903 667 3959 et
686 3876 856 3959 'sueonum
877 3894 1131 3981 accipitrumque
1154 3906 1188 3962 et
1209 3920 1325 3964 canum

223 3998 416 4083 acceptione,
435 4004 468 4061 et
482 3998 612 4063 illorum
631 3997 801 4067 hominum
816 3998 999 4077 refectione,
1019 4000 1105 4083 quod
1119 4001 1325 4086 1111111113-

223 4122 322 4165 menn
339 4096 553 4179 nominamus,
570 4100 798 4184 aparafrithis,
814 4107 848 4164 et
864 4100 904 4164 ab
921 4101 1071 4166 omnibus
1085 4102 1327 4170 difficultatibus

224 4204 339 4287 regulis
364 4204 415 4267 vel
445 4202 604 4267 saecularis
629 4203 803 4283 servitutis,
831 4203 917 4267 notis
941 4211 974 4268 et
996 4204 1127 4287 ignotis,
1149 4225 1225 4269 cum
1245 4207 1327 4273 furis

225 4305 519 4390 comprehensione,
543 4305 631 4369 intus
660 4314 693 4370 et
721 4304 810 4385 foris,
840 4305 971 4390 majoris
1000 4306 1182 4385 minorisve,
1212 4318 1328 4392 praeter

225 4409 332 4492 pontis
349 4408 598 4487 constructione,
619 4416 653 4473 et
672 4407 884 4492 expeditione,
900 4408 1086 4473 eternaliter
1102 4408 1238 4475 hberata
1256 4434 1329 4497 per-
