<?xml version="1.0" encoding="UTF-8"?>
<!DOCTYPE html PUBLIC "-//W3C//DTD XHTML 1.0 Transitional//EN"
    "http://www.w3.org/TR/xhtml1/DTD/xhtml1-transitional.dtd">
<html xmlns="http://www.w3.org/1999/xhtml" xml:lang="en" lang="en">
 <head>
  <title>
</title>
<meta http-equiv="Content-Type" content="text/html;charset=utf-8" />
  <meta name='ocr-system' content='tesseract 3.04.00' />
  <meta name='ocr-capabilities' content='ocr_page ocr_carea ocr_par ocr_line ocrx_word'/>
</head>
<body>
  <div class='ocr_page' id='page_1' title='image "./diplomatariuman02thorgoog_0454.png"; bbox 0 0 3234 5125; ppageno 0'>
   <div class='ocr_carea' id='block_1_1' title="bbox 347 389 1176 448">
    <p class='ocr_par' dir='ltr' id='par_1_1' title="bbox 347 389 1176 448">
     <span class='ocr_line' id='line_1_1' title="bbox 347 389 1176 448; baseline -0.002 -2"><span class='ocrx_word' id='word_1_1' title='bbox 347 392 399 446; x_wconf 79' lang='lat'><strong>412</strong></span> <span class='ocrx_word' id='word_1_2' title='bbox 621 389 944 448; x_wconf 78' lang='lat' dir='ltr'><strong>MlSUELLANEOL&#39;S</strong></span> <span class='ocrx_word' id='word_1_3' title='bbox 962 389 1176 446; x_wconf 77' lang='lat' dir='ltr'><strong>CllAlt&#39;l&#39;ERS.</strong></span> 
     </span>
    </p>
   </div>
   <div class='ocr_carea' id='block_1_2' title="bbox 333 563 1453 4469">
    <p class='ocr_par' dir='ltr' id='par_1_2' title="bbox 333 563 1453 4469">
     <span class='ocr_line' id='line_1_2' title="bbox 346 563 1453 648; baseline 0 -21"><span class='ocrx_word' id='word_1_4' title='bbox 346 563 539 648; x_wconf 81' lang='lat' dir='ltr'><strong>principum,</strong></span> <span class='ocrx_word' id='word_1_5' title='bbox 570 566 738 644; x_wconf 88' lang='lat' dir='ltr'><strong>comitum,</strong></span> <span class='ocrx_word' id='word_1_6' title='bbox 764 566 1000 645; x_wconf 70' lang='lat' dir='ltr'><strong>vicecomitum,</strong></span> <span class='ocrx_word' id='word_1_7' title='bbox 1027 573 1282 648; x_wconf 86' lang='lat' dir='ltr'><strong>procuratorum,</strong></span> <span class='ocrx_word' id='word_1_8' title='bbox 1308 584 1366 628; x_wconf 91' lang='lat' dir='ltr'><strong>sen</strong></span> <span class='ocrx_word' id='word_1_9' title='bbox 1394 563 1453 627; x_wconf 84' lang='lat' dir='ltr'><strong>ali·</strong></span> 
     </span>
     <span class='ocr_line' id='line_1_3' title="bbox 345 668 1453 753; baseline -0.002 -21"><span class='ocrx_word' id='word_1_10' title='bbox 345 689 437 732; x_wconf 88' lang='lat' dir='ltr'><strong>orum</strong></span> <span class='ocrx_word' id='word_1_11' title='bbox 463 689 576 753; x_wconf 89' lang='lat' dir='ltr'><strong>regum</strong></span> <span class='ocrx_word' id='word_1_12' title='bbox 604 670 782 748; x_wconf 89' lang='lat' dir='ltr'><strong>clientium,</strong></span> <span class='ocrx_word' id='word_1_13' title='bbox 808 670 860 733; x_wconf 88' lang='lat' dir='ltr'><strong>vel</strong></span> <span class='ocrx_word' id='word_1_14' title='bbox 883 669 947 734; x_wconf 85' lang='lat' dir='ltr'><strong>alia</strong></span> <span class='ocrx_word' id='word_1_15' title='bbox 968 669 1121 752; x_wconf 73' lang='lat' dir='ltr'><strong>qualibet</strong></span> <span class='ocrx_word' id='word_1_16' title='bbox 1143 690 1263 751; x_wconf 83' lang='lat' dir='ltr'><strong>magna</strong></span> <span class='ocrx_word' id='word_1_17' title='bbox 1283 668 1334 731; x_wconf 86' lang='lat' dir='ltr'><strong>vel</strong></span> <span class='ocrx_word' id='word_1_18' title='bbox 1356 689 1453 751; x_wconf 83' lang='lat' dir='ltr'><strong>parva</strong></span> 
     </span>
     <span class='ocr_line' id='line_1_4' title="bbox 344 770 1452 857; baseline -0.002 -21"><span class='ocrx_word' id='word_1_19' title='bbox 344 793 491 856; x_wconf 88' lang='lat' dir='ltr'><strong>persona,</strong></span> <span class='ocrx_word' id='word_1_20' title='bbox 518 781 657 857; x_wconf 86' lang='lat' dir='ltr'><strong>pastum,</strong></span> <span class='ocrx_word' id='word_1_21' title='bbox 677 793 825 851; x_wconf 84' lang='lat' dir='ltr'><strong>censum,</strong></span> <span class='ocrx_word' id='word_1_22' title='bbox 850 773 900 836; x_wconf 85' lang='lat' dir='ltr'><strong>vel</strong></span> <span class='ocrx_word' id='word_1_23' title='bbox 928 771 1174 856; x_wconf 79' lang='lat' dir='ltr'><strong>impensionem,</strong></span> <span class='ocrx_word' id='word_1_24' title='bbox 1198 780 1378 836; x_wconf 86' lang='lat' dir='ltr'><strong>castrorum</strong></span> <span class='ocrx_word' id='word_1_25' title='bbox 1400 770 1452 834; x_wconf 89' lang='lat' dir='ltr'><strong>vel</strong></span> 
     </span>
     <span class='ocr_line' id='line_1_5' title="bbox 346 873 1452 959; baseline -0.002 -21"><span class='ocrx_word' id='word_1_26' title='bbox 346 877 494 959; x_wconf 91' lang='lat' dir='ltr'><strong>pontium</strong></span> <span class='ocrx_word' id='word_1_27' title='bbox 518 877 811 956; x_wconf 68' lang='lat' dir='ltr'><strong>reedificationem,</strong></span> <span class='ocrx_word' id='word_1_28' title='bbox 836 877 940 954; x_wconf 86' lang='lat' dir='ltr'><strong>xenia,</strong></span> <span class='ocrx_word' id='word_1_29' title='bbox 970 897 1028 940; x_wconf 91' lang='lat' dir='ltr'><strong>seu</strong></span> <span class='ocrx_word' id='word_1_30' title='bbox 1056 874 1262 952; x_wconf 87' lang='lat' dir='ltr'><strong>munuscula,</strong></span> <span class='ocrx_word' id='word_1_31' title='bbox 1282 874 1335 938; x_wconf 83' lang='lat' dir='ltr'><strong>rel</strong></span> <span class='ocrx_word' id='word_1_32' title='bbox 1362 873 1452 936; x_wconf 87' lang='lat' dir='ltr'><strong>aliud</strong></span> 
     </span>
     <span class='ocr_line' id='line_1_6' title="bbox 344 975 1451 1062; baseline -0.002 -20"><span class='ocrx_word' id='word_1_33' title='bbox 344 979 504 1062; x_wconf 85' lang='lat' dir='ltr'><strong>quidlibet</strong></span> <span class='ocrx_word' id='word_1_34' title='bbox 521 980 562 1043; x_wconf 91' lang='lat' dir='ltr'><strong>ab</strong></span> <span class='ocrx_word' id='word_1_35' title='bbox 581 981 724 1046; x_wconf 73' lang='lat' dir='ltr'><strong>aecclesia</strong></span> <span class='ocrx_word' id='word_1_36' title='bbox 744 980 811 1056; x_wconf 90' lang='lat' dir='ltr'><strong>illa,</strong></span> <span class='ocrx_word' id='word_1_37' title='bbox 829 978 879 1042; x_wconf 90' lang='lat' dir='ltr'><strong>vel</strong></span> <span class='ocrx_word' id='word_1_38' title='bbox 900 1001 920 1042; x_wconf 90' lang='lat' dir='ltr'><strong>a</strong></span> <span class='ocrx_word' id='word_1_39' title='bbox 936 979 1032 1042; x_wconf 87' lang='lat' dir='ltr'><strong>terris</strong></span> <span class='ocrx_word' id='word_1_40' title='bbox 1048 978 1089 1042; x_wconf 86' lang='lat' dir='ltr'><strong>ad</strong></span> <span class='ocrx_word' id='word_1_41' title='bbox 1110 999 1182 1040; x_wconf 87' lang='lat' dir='ltr'><strong>cam</strong></span> <span class='ocrx_word' id='word_1_42' title='bbox 1201 975 1451 1061; x_wconf 87' lang='lat' dir='ltr'><strong>pertinentibus,</strong></span> 
     </span>
     <span class='ocr_line' id='line_1_7' title="bbox 344 1081 1451 1167; baseline -0.004 -22"><span class='ocrx_word' id='word_1_43' title='bbox 344 1103 401 1165; x_wconf 92' lang='lat' dir='ltr'><strong>per</strong></span> <span class='ocrx_word' id='word_1_44' title='bbox 430 1083 495 1147; x_wconf 86' lang='lat' dir='ltr'><strong>virn</strong></span> <span class='ocrx_word' id='word_1_45' title='bbox 526 1091 582 1147; x_wconf 90' lang='lat' dir='ltr'><strong>aut</strong></span> <span class='ocrx_word' id='word_1_46' title='bbox 611 1104 667 1167; x_wconf 89' lang='lat' dir='ltr'><strong>per</strong></span> <span class='ocrx_word' id='word_1_47' title='bbox 696 1082 962 1146; x_wconf 89' lang='lat' dir='ltr'><strong>consuetudinem</strong></span> <span class='ocrx_word' id='word_1_48' title='bbox 992 1081 1100 1164; x_wconf 85' lang='lat' dir='ltr'><strong>exigat</strong></span> <span class='ocrx_word' id='word_1_49' title='bbox 1111 1107 1121 1159; x_wconf 70' lang='grc' dir='ltr'><strong><em>ς</em></strong></span> <span class='ocrx_word' id='word_1_50' title='bbox 1152 1101 1218 1143; x_wconf 91' lang='lat' dir='ltr'><strong>non</strong></span> <span class='ocrx_word' id='word_1_51' title='bbox 1247 1101 1354 1163; x_wconf 87' lang='lat' dir='ltr'><strong>opera,</strong></span> <span class='ocrx_word' id='word_1_52' title='bbox 1383 1100 1451 1142; x_wconf 94' lang='lat' dir='ltr'><strong>non</strong></span> 
     </span>
     <span class='ocr_line' id='line_1_8' title="bbox 344 1182 1452 1270; baseline -0.002 -23"><span class='ocrx_word' id='word_1_53' title='bbox 344 1184 477 1264; x_wconf 89' lang='lat' dir='ltr'><strong>tributa,</strong></span> <span class='ocrx_word' id='word_1_54' title='bbox 492 1187 542 1251; x_wconf 85' lang='lat' dir='ltr'><strong>vel</strong></span> <span class='ocrx_word' id='word_1_55' title='bbox 564 1186 793 1270; x_wconf 80' lang='lat' dir='ltr'><strong>expeditiones,</strong></span> <span class='ocrx_word' id='word_1_56' title='bbox 817 1185 858 1248; x_wconf 84' lang='lat' dir='ltr'><strong>ad</strong></span> <span class='ocrx_word' id='word_1_57' title='bbox 879 1207 914 1248; x_wconf 89' lang='lat' dir='ltr'><strong>sc</strong></span> <span class='ocrx_word' id='word_1_58' title='bbox 935 1185 1063 1262; x_wconf 69' lang='lat' dir='ltr'><strong>trahat,</strong></span> <span class='ocrx_word' id='word_1_59' title='bbox 1093 1185 1150 1247; x_wconf 92' lang='lat' dir='ltr'><strong>sed</strong></span> <span class='ocrx_word' id='word_1_60' title='bbox 1171 1183 1300 1247; x_wconf 84' lang='lat' dir='ltr'><strong>exclusa</strong></span> <span class='ocrx_word' id='word_1_61' title='bbox 1320 1182 1452 1265; x_wconf 90' lang='lat' dir='ltr'><strong>penitus</strong></span> 
     </span>
     <span class='ocr_line' id='line_1_9' title="bbox 343 1285 1451 1372; baseline -0.003 -21"><span class='ocrx_word' id='word_1_62' title='bbox 343 1289 510 1353; x_wconf 77' lang='lat' dir='ltr'><strong>exactione</strong></span> <span class='ocrx_word' id='word_1_63' title='bbox 525 1289 575 1354; x_wconf 89' lang='lat' dir='ltr'><strong>vel</strong></span> <span class='ocrx_word' id='word_1_64' title='bbox 590 1289 722 1372; x_wconf 89' lang='lat' dir='ltr'><strong>angaria</strong></span> <span class='ocrx_word' id='word_1_65' title='bbox 737 1297 928 1352; x_wconf 90' lang='lat' dir='ltr'><strong>cunctarum</strong></span> <span class='ocrx_word' id='word_1_66' title='bbox 943 1286 1226 1364; x_wconf 79' lang='lat' dir='ltr'><strong>consuetudinum,</strong></span> <span class='ocrx_word' id='word_1_67' title='bbox 1236 1285 1354 1362; x_wconf 89' lang='lat' dir='ltr'><strong>omnia,</strong></span> <span class='ocrx_word' id='word_1_68' title='bbox 1366 1285 1451 1349; x_wconf 89' lang='lat' dir='ltr'><strong>sicut</strong></span> 
     </span>
     <span class='ocr_line' id='line_1_10' title="bbox 343 1389 1450 1475; baseline -0.003 -21"><span class='ocrx_word' id='word_1_69' title='bbox 343 1391 378 1454; x_wconf 92' lang='lat' dir='ltr'><strong>in</strong></span> <span class='ocrx_word' id='word_1_70' title='bbox 399 1412 498 1455; x_wconf 90' lang='lat' dir='ltr'><strong>manu</strong></span> <span class='ocrx_word' id='word_1_71' title='bbox 515 1413 588 1456; x_wconf 88' lang='lat' dir='ltr'><strong>mea</strong></span> <span class='ocrx_word' id='word_1_72' title='bbox 606 1392 792 1470; x_wconf 85' lang='lat' dir='ltr'><strong>habueram,</strong></span> <span class='ocrx_word' id='word_1_73' title='bbox 809 1392 935 1470; x_wconf 91' lang='lat' dir='ltr'><strong>melius,</strong></span> <span class='ocrx_word' id='word_1_74' title='bbox 951 1390 1077 1475; x_wconf 84' lang='lat' dir='ltr'><strong>plenius</strong></span> <span class='ocrx_word' id='word_1_75' title='bbox 1096 1398 1130 1453; x_wconf 90' lang='lat' dir='ltr'><strong>et</strong></span> <span class='ocrx_word' id='word_1_76' title='bbox 1146 1389 1290 1468; x_wconf 90' lang='lat' dir='ltr'><strong>liberius,</strong></span> <span class='ocrx_word' id='word_1_77' title='bbox 1309 1389 1357 1451; x_wconf 88' lang='lat' dir='ltr'><strong>ita</strong></span> <span class='ocrx_word' id='word_1_78' title='bbox 1373 1409 1450 1451; x_wconf 91' lang='lat' dir='ltr'><strong>curn</strong></span> 
     </span>
     <span class='ocr_line' id='line_1_11' title="bbox 342 1490 1449 1568; baseline -0.005 -11"><span class='ocrx_word' id='word_1_79' title='bbox 342 1493 527 1558; x_wconf 90' lang='lat' dir='ltr'><strong>omnimoda</strong></span> <span class='ocrx_word' id='word_1_80' title='bbox 546 1495 695 1559; x_wconf 87' lang='lat' dir='ltr'><strong>libertate</strong></span> <span class='ocrx_word' id='word_1_81' title='bbox 716 1495 782 1558; x_wconf 84' lang='lat' dir='ltr'><strong>sint</strong></span> <span class='ocrx_word' id='word_1_82' title='bbox 802 1515 953 1557; x_wconf 89' lang='lat' dir='ltr'><strong>concessa</strong></span> <span class='ocrx_word' id='word_1_83' title='bbox 969 1493 1073 1556; x_wconf 89' lang='lat' dir='ltr'><strong>eidem</strong></span> <span class='ocrx_word' id='word_1_84' title='bbox 1091 1491 1235 1568; x_wconf 88' lang='lat' dir='ltr'><strong>ecclesie,</strong></span> <span class='ocrx_word' id='word_1_85' title='bbox 1257 1490 1291 1552; x_wconf 95' lang='lat' dir='ltr'><strong>in</strong></span> <span class='ocrx_word' id='word_1_86' title='bbox 1312 1498 1399 1553; x_wconf 88' lang='lat' dir='ltr'><strong>terra</strong></span> <span class='ocrx_word' id='word_1_87' title='bbox 1415 1497 1449 1553; x_wconf 91' lang='lat' dir='ltr'><strong>et</strong></span> 
     </span>
     <span class='ocr_line' id='line_1_12' title="bbox 341 1592 1448 1680; baseline -0.004 -21"><span class='ocrx_word' id='word_1_88' title='bbox 341 1596 377 1659; x_wconf 95' lang='lat' dir='ltr'><strong>in</strong></span> <span class='ocrx_word' id='word_1_89' title='bbox 392 1619 486 1680; x_wconf 86' lang='lat' dir='ltr'><strong>aque,</strong></span> <span class='ocrx_word' id='word_1_90' title='bbox 501 1597 536 1660; x_wconf 93' lang='lat' dir='ltr'><strong>in</strong></span> <span class='ocrx_word' id='word_1_91' title='bbox 551 1597 630 1662; x_wconf 93' lang='lat' dir='ltr'><strong>urbe</strong></span> <span class='ocrx_word' id='word_1_92' title='bbox 645 1605 677 1662; x_wconf 88' lang='lat' dir='ltr'><strong>et</strong></span> <span class='ocrx_word' id='word_1_93' title='bbox 692 1606 792 1676; x_wconf 82' lang='lat' dir='ltr'><strong>extra,</strong></span> <span class='ocrx_word' id='word_1_94' title='bbox 802 1598 838 1659; x_wconf 92' lang='lat' dir='ltr'><strong>in</strong></span> <span class='ocrx_word' id='word_1_95' title='bbox 847 1595 943 1662; x_wconf 93' lang='lat' dir='ltr'><strong>domo</strong></span> <span class='ocrx_word' id='word_1_96' title='bbox 957 1604 991 1660; x_wconf 89' lang='lat' dir='ltr'><strong>ct</strong></span> <span class='ocrx_word' id='word_1_97' title='bbox 1005 1605 1105 1672; x_wconf 88' lang='lat' dir='ltr'><strong>extra,</strong></span> <span class='ocrx_word' id='word_1_98' title='bbox 1115 1594 1150 1656; x_wconf 93' lang='lat' dir='ltr'><strong>in</strong></span> <span class='ocrx_word' id='word_1_99' title='bbox 1164 1593 1240 1656; x_wconf 88' lang='lat' dir='ltr'><strong>villa</strong></span> <span class='ocrx_word' id='word_1_100' title='bbox 1253 1601 1287 1657; x_wconf 91' lang='lat' dir='ltr'><strong>et</strong></span> <span class='ocrx_word' id='word_1_101' title='bbox 1302 1601 1401 1670; x_wconf 82' lang='lat' dir='ltr'><strong>extra,</strong></span> <span class='ocrx_word' id='word_1_102' title='bbox 1411 1592 1448 1655; x_wconf 92' lang='lat' dir='ltr'><strong>in</strong></span> 
     </span>
     <span class='ocr_line' id='line_1_13' title="bbox 341 1695 1447 1784; baseline -0.004 -22"><span class='ocrx_word' id='word_1_103' title='bbox 341 1699 393 1763; x_wconf 86' lang='lat' dir='ltr'><strong>via</strong></span> <span class='ocrx_word' id='word_1_104' title='bbox 413 1709 446 1763; x_wconf 91' lang='lat' dir='ltr'><strong>et</strong></span> <span class='ocrx_word' id='word_1_105' title='bbox 464 1709 562 1779; x_wconf 84' lang='lat' dir='ltr'><strong>extra,</strong></span> <span class='ocrx_word' id='word_1_106' title='bbox 579 1701 614 1762; x_wconf 91' lang='lat' dir='ltr'><strong>in</strong></span> <span class='ocrx_word' id='word_1_107' title='bbox 634 1701 763 1784; x_wconf 91' lang='lat' dir='ltr'><strong>placito,</strong></span> <span class='ocrx_word' id='word_1_108' title='bbox 780 1701 815 1764; x_wconf 94' lang='lat' dir='ltr'><strong>in</strong></span> <span class='ocrx_word' id='word_1_109' title='bbox 830 1701 909 1764; x_wconf 89' lang='lat' dir='ltr'><strong>soka</strong></span> <span class='ocrx_word' id='word_1_110' title='bbox 928 1707 962 1764; x_wconf 87' lang='lat' dir='ltr'><strong>et</strong></span> <span class='ocrx_word' id='word_1_111' title='bbox 979 1699 1067 1776; x_wconf 85' lang='lat' dir='ltr'><strong>saka,</strong></span> <span class='ocrx_word' id='word_1_112' title='bbox 1082 1698 1118 1760; x_wconf 91' lang='lat' dir='ltr'><strong>in</strong></span> <span class='ocrx_word' id='word_1_113' title='bbox 1132 1696 1294 1775; x_wconf 88' lang='lat' dir='ltr'><strong>theloneo,</strong></span> <span class='ocrx_word' id='word_1_114' title='bbox 1314 1696 1350 1758; x_wconf 93' lang='lat' dir='ltr'><strong>in</strong></span> <span class='ocrx_word' id='word_1_115' title='bbox 1366 1695 1447 1758; x_wconf 83' lang='lat' dir='ltr'><strong>iuris</strong></span> 
     </span>
     <span class='ocr_line' id='line_1_14' title="bbox 342 1799 1446 1886; baseline -0.003 -21"><span class='ocrx_word' id='word_1_116' title='bbox 342 1802 595 1886; x_wconf 82' lang='lat' dir='ltr'><strong>apprehensione</strong></span> <span class='ocrx_word' id='word_1_117' title='bbox 609 1811 642 1867; x_wconf 89' lang='lat' dir='ltr'><strong>et</strong></span> <span class='ocrx_word' id='word_1_118' title='bbox 657 1804 840 1881; x_wconf 80' lang='lat' dir='ltr'><strong>emissione,</strong></span> <span class='ocrx_word' id='word_1_119' title='bbox 855 1803 891 1866; x_wconf 91' lang='lat' dir='ltr'><strong>in</strong></span> <span class='ocrx_word' id='word_1_120' title='bbox 906 1801 1072 1886; x_wconf 88' lang='lat' dir='ltr'><strong>sanguinis</strong></span> <span class='ocrx_word' id='word_1_121' title='bbox 1092 1799 1257 1878; x_wconf 84' lang='lat' dir='ltr'><strong>effusione,</strong></span> <span class='ocrx_word' id='word_1_122' title='bbox 1273 1799 1309 1862; x_wconf 92' lang='lat' dir='ltr'><strong>in</strong></span> <span class='ocrx_word' id='word_1_123' title='bbox 1326 1799 1446 1883; x_wconf 81' lang='lat' dir='ltr'><strong>campis</strong></span> 
     </span>
     <span class='ocr_line' id='line_1_15' title="bbox 341 1902 1445 1990; baseline -0.004 -22"><span class='ocrx_word' id='word_1_124' title='bbox 341 1913 374 1968; x_wconf 87' lang='lat' dir='ltr'><strong>et</strong></span> <span class='ocrx_word' id='word_1_125' title='bbox 393 1905 492 1984; x_wconf 87' lang='lat' dir='ltr'><strong>silvis,</strong></span> <span class='ocrx_word' id='word_1_126' title='bbox 508 1906 542 1969; x_wconf 91' lang='lat' dir='ltr'><strong>in</strong></span> <span class='ocrx_word' id='word_1_127' title='bbox 557 1907 667 1990; x_wconf 88' lang='lat' dir='ltr'><strong>pratis,</strong></span> <span class='ocrx_word' id='word_1_128' title='bbox 683 1907 719 1969; x_wconf 90' lang='lat' dir='ltr'><strong>in</strong></span> <span class='ocrx_word' id='word_1_129' title='bbox 733 1907 869 1990; x_wconf 88' lang='lat' dir='ltr'><strong>pascuis,</strong></span> <span class='ocrx_word' id='word_1_130' title='bbox 884 1907 920 1969; x_wconf 91' lang='lat' dir='ltr'><strong>in</strong></span> <span class='ocrx_word' id='word_1_131' title='bbox 935 1906 1036 1990; x_wconf 89' lang='lat' dir='ltr'><strong>aquis,</strong></span> <span class='ocrx_word' id='word_1_132' title='bbox 1051 1905 1087 1967; x_wconf 94' lang='lat' dir='ltr'><strong>in</strong></span> <span class='ocrx_word' id='word_1_133' title='bbox 1102 1903 1258 1988; x_wconf 88' lang='lat' dir='ltr'><strong>piscariis,</strong></span> <span class='ocrx_word' id='word_1_134' title='bbox 1270 1904 1304 1966; x_wconf 91' lang='lat' dir='ltr'><strong>in</strong></span> <span class='ocrx_word' id='word_1_135' title='bbox 1324 1902 1445 1966; x_wconf 90' lang='lat' dir='ltr'><strong>molen-</strong></span> 
     </span>
     <span class='ocr_line' id='line_1_16' title="bbox 341 2005 1446 2093; baseline -0.002 -23"><span class='ocrx_word' id='word_1_136' title='bbox 341 2007 436 2087; x_wconf 90' lang='lat' dir='ltr'><strong>dinis,</strong></span> <span class='ocrx_word' id='word_1_137' title='bbox 463 2017 497 2072; x_wconf 85' lang='lat' dir='ltr'><strong>et</strong></span> <span class='ocrx_word' id='word_1_138' title='bbox 526 2009 677 2074; x_wconf 91' lang='lat' dir='ltr'><strong>omnibus</strong></span> <span class='ocrx_word' id='word_1_139' title='bbox 706 2011 773 2073; x_wconf 92' lang='lat' dir='ltr'><strong>suis</strong></span> <span class='ocrx_word' id='word_1_140' title='bbox 803 2009 1009 2093; x_wconf 90' lang='lat' dir='ltr'><strong>appendiciis,</strong></span> <span class='ocrx_word' id='word_1_141' title='bbox 1033 2008 1186 2092; x_wconf 76' lang='lat' dir='ltr'><strong>quatinus</strong></span> <span class='ocrx_word' id='word_1_142' title='bbox 1207 2007 1278 2090; x_wconf 91' lang='lat' dir='ltr'><strong>ipsa</strong></span> <span class='ocrx_word' id='word_1_143' title='bbox 1298 2005 1446 2088; x_wconf 88' lang='lat' dir='ltr'><strong>religiosa</strong></span> 
     </span>
     <span class='ocr_line' id='line_1_17' title="bbox 341 2107 1444 2195; baseline -0.005 -20"><span class='ocrx_word' id='word_1_144' title='bbox 341 2111 464 2189; x_wconf 89' lang='lat' dir='ltr'><strong>concio,</strong></span> <span class='ocrx_word' id='word_1_145' title='bbox 491 2133 549 2195; x_wconf 90' lang='lat' dir='ltr'><strong>pro</strong></span> <span class='ocrx_word' id='word_1_146' title='bbox 573 2113 715 2176; x_wconf 90' lang='lat' dir='ltr'><strong>remedia</strong></span> <span class='ocrx_word' id='word_1_147' title='bbox 738 2113 854 2177; x_wconf 83' lang='lat' dir='ltr'><strong>animae</strong></span> <span class='ocrx_word' id='word_1_148' title='bbox 874 2132 955 2175; x_wconf 86' lang='lat' dir='ltr'><strong>meae</strong></span> <span class='ocrx_word' id='word_1_149' title='bbox 980 2119 1014 2174; x_wconf 87' lang='lat' dir='ltr'><strong>et</strong></span> <span class='ocrx_word' id='word_1_150' title='bbox 1035 2111 1181 2176; x_wconf 90' lang='lat' dir='ltr'><strong>omnium</strong></span> <span class='ocrx_word' id='word_1_151' title='bbox 1205 2107 1444 2172; x_wconf 84' lang='lat' dir='ltr'><strong>benefactorum</strong></span> 
     </span>
     <span class='ocr_line' id='line_1_18' title="bbox 340 2211 1445 2299; baseline -0.005 -23"><span class='ocrx_word' id='word_1_152' title='bbox 340 2213 483 2296; x_wconf 90' lang='lat' dir='ltr'><strong>ejusdem</strong></span> <span class='ocrx_word' id='word_1_153' title='bbox 501 2214 664 2292; x_wconf 72' lang='lat' dir='ltr'><strong>eecclesiae,</strong></span> <span class='ocrx_word' id='word_1_154' title='bbox 681 2215 849 2299; x_wconf 83' lang='lat' dir='ltr'><strong>pervigiles</strong></span> <span class='ocrx_word' id='word_1_155' title='bbox 864 2213 1023 2298; x_wconf 84' lang='lat' dir='ltr'><strong>persolvat</strong></span> <span class='ocrx_word' id='word_1_156' title='bbox 1038 2211 1287 2296; x_wconf 83' lang='lat' dir='ltr'><strong>deprecationes,</strong></span> <span class='ocrx_word' id='word_1_157' title='bbox 1302 2218 1345 2288; x_wconf 93' lang='lat' dir='ltr'><strong>et,</strong></span> <span class='ocrx_word' id='word_1_158' title='bbox 1357 2229 1445 2271; x_wconf 88' lang='lat' dir='ltr'><strong>more</strong></span> 
     </span>
     <span class='ocr_line' id='line_1_19' title="bbox 339 2312 1444 2401; baseline -0.004 -23"><span class='ocrx_word' id='word_1_159' title='bbox 339 2315 533 2399; x_wconf 88' lang='lat' dir='ltr'><strong>sapientium</strong></span> <span class='ocrx_word' id='word_1_160' title='bbox 546 2318 717 2401; x_wconf 90' lang='lat' dir='ltr'><strong>virginum,</strong></span> <span class='ocrx_word' id='word_1_161' title='bbox 729 2319 836 2382; x_wconf 90' lang='lat' dir='ltr'><strong>oleum</strong></span> <span class='ocrx_word' id='word_1_162' title='bbox 851 2317 946 2393; x_wconf 79' lang='lat' dir='ltr'><strong>honre</strong></span> <span class='ocrx_word' id='word_1_163' title='bbox 960 2316 1099 2381; x_wconf 80' lang='lat' dir='ltr'><strong>accionis</strong></span> <span class='ocrx_word' id='word_1_164' title='bbox 1111 2337 1251 2391; x_wconf 88' lang='lat' dir='ltr'><strong>servans,</strong></span> <span class='ocrx_word' id='word_1_165' title='bbox 1262 2313 1322 2377; x_wconf 92' lang='lat' dir='ltr'><strong>sub</strong></span> <span class='ocrx_word' id='word_1_166' title='bbox 1332 2312 1444 2376; x_wconf 90' lang='lat' dir='ltr'><strong>habitu</strong></span> 
     </span>
     <span class='ocr_line' id='line_1_20' title="bbox 339 2418 1444 2507; baseline -0.001 -24"><span class='ocrx_word' id='word_1_167' title='bbox 339 2420 514 2503; x_wconf 82' lang='lat' dir='ltr'><strong>religionis,</strong></span> <span class='ocrx_word' id='word_1_168' title='bbox 537 2422 668 2487; x_wconf 87' lang='lat' dir='ltr'><strong>Christo</strong></span> <span class='ocrx_word' id='word_1_169' title='bbox 692 2423 834 2487; x_wconf 89' lang='lat' dir='ltr'><strong>Domino</strong></span> <span class='ocrx_word' id='word_1_170' title='bbox 856 2423 980 2507; x_wconf 85' lang='lat' dir='ltr'><strong>atejus</strong></span> <span class='ocrx_word' id='word_1_171' title='bbox 1002 2421 1098 2486; x_wconf 88' lang='lat' dir='ltr'><strong>beato</strong></span> <span class='ocrx_word' id='word_1_172' title='bbox 1120 2419 1264 2504; x_wconf 90' lang='lat' dir='ltr'><strong>apostolo</strong></span> <span class='ocrx_word' id='word_1_173' title='bbox 1288 2418 1444 2482; x_wconf 81' lang='lat' dir='ltr'><strong>indefesse</strong></span> 
     </span>
     <span class='ocr_line' id='line_1_21' title="bbox 339 2523 1442 2611; baseline -0.002 -23"><span class='ocrx_word' id='word_1_174' title='bbox 339 2523 508 2589; x_wconf 86' lang='lat' dir='ltr'><strong>deserviat.</strong></span> <span class='ocrx_word' id='word_1_175' title='bbox 555 2526 590 2589; x_wconf 92' lang='lat' dir='ltr'><strong>Si</strong></span> <span class='ocrx_word' id='word_1_176' title='bbox 606 2527 677 2611; x_wconf 91' lang='lat' dir='ltr'><strong>quis</strong></span> <span class='ocrx_word' id='word_1_177' title='bbox 693 2534 802 2591; x_wconf 88' lang='lat' dir='ltr'><strong>autem</strong></span> <span class='ocrx_word' id='word_1_178' title='bbox 817 2533 931 2591; x_wconf 86' lang='lat' dir='ltr'><strong>contra</strong></span> <span class='ocrx_word' id='word_1_179' title='bbox 947 2525 1031 2589; x_wconf 88' lang='lat' dir='ltr'><strong>banc</strong></span> <span class='ocrx_word' id='word_1_180' title='bbox 1048 2523 1271 2610; x_wconf 70' lang='lat' dir='ltr'><strong>preceptionis</strong></span> <span class='ocrx_word' id='word_1_181' title='bbox 1287 2531 1321 2587; x_wconf 88' lang='lat' dir='ltr'><strong>et</strong></span> <span class='ocrx_word' id='word_1_182' title='bbox 1335 2530 1442 2586; x_wconf 90' lang='lat' dir='ltr'><strong>aucto-</strong></span> 
     </span>
     <span class='ocr_line' id='line_1_22' title="bbox 339 2628 1442 2713; baseline 0 -22"><span class='ocrx_word' id='word_1_183' title='bbox 339 2628 444 2692; x_wconf 86' lang='lat' dir='ltr'><strong>ritatis</strong></span> <span class='ocrx_word' id='word_1_184' title='bbox 465 2637 584 2695; x_wconf 83' lang='lat' dir='ltr'><strong>nostrae</strong></span> <span class='ocrx_word' id='word_1_185' title='bbox 604 2630 754 2713; x_wconf 87' lang='lat' dir='ltr'><strong>paginam</strong></span> <span class='ocrx_word' id='word_1_186' title='bbox 776 2630 924 2709; x_wconf 88' lang='lat' dir='ltr'><strong>senserit,</strong></span> <span class='ocrx_word' id='word_1_187' title='bbox 941 2630 1124 2713; x_wconf 90' lang='lat' dir='ltr'><strong>quicunqne</strong></span> <span class='ocrx_word' id='word_1_188' title='bbox 1142 2629 1197 2693; x_wconf 92' lang='lat' dir='ltr'><strong>ille</strong></span> <span class='ocrx_word' id='word_1_189' title='bbox 1213 2628 1322 2706; x_wconf 84' lang='lat' dir='ltr'><strong>fuerit,</strong></span> <span class='ocrx_word' id='word_1_190' title='bbox 1337 2629 1442 2711; x_wconf 85' lang='lat' dir='ltr'><strong>cujus·</strong></span> 
     </span>
     <span class='ocr_line' id='line_1_23' title="bbox 339 2732 1443 2817; baseline 0 -22"><span class='ocrx_word' id='word_1_191' title='bbox 339 2752 467 2815; x_wconf 90' lang='lat' dir='ltr'><strong>cunque</strong></span> <span class='ocrx_word' id='word_1_192' title='bbox 491 2733 633 2797; x_wconf 91' lang='lat' dir='ltr'><strong>nominis</strong></span> <span class='ocrx_word' id='word_1_193' title='bbox 658 2742 691 2797; x_wconf 92' lang='lat' dir='ltr'><strong>et</strong></span> <span class='ocrx_word' id='word_1_194' title='bbox 715 2734 858 2812; x_wconf 88' lang='lat' dir='ltr'><strong>honoris,</strong></span> <span class='ocrx_word' id='word_1_195' title='bbox 879 2734 986 2797; x_wconf 83' lang='lat' dir='ltr'><strong>retatis</strong></span> <span class='ocrx_word' id='word_1_196' title='bbox 1011 2741 1045 2797; x_wconf 89' lang='lat' dir='ltr'><strong>et</strong></span> <span class='ocrx_word' id='word_1_197' title='bbox 1067 2732 1248 2817; x_wconf 84' lang='lat' dir='ltr'><strong>potestatis,</strong></span> <span class='ocrx_word' id='word_1_198' title='bbox 1271 2732 1388 2815; x_wconf 86' lang='lat' dir='ltr'><strong>gradus</strong></span> <span class='ocrx_word' id='word_1_199' title='bbox 1409 2740 1443 2795; x_wconf 90' lang='lat' dir='ltr'><strong>et</strong></span> 
     </span>
     <span class='ocr_line' id='line_1_24' title="bbox 339 2834 1442 2921; baseline 0.003 -25"><span class='ocrx_word' id='word_1_200' title='bbox 339 2834 471 2913; x_wconf 86' lang='lat' dir='ltr'><strong>ordinis,</strong></span> <span class='ocrx_word' id='word_1_201' title='bbox 488 2844 521 2898; x_wconf 90' lang='lat' dir='ltr'><strong>et</strong></span> <span class='ocrx_word' id='word_1_202' title='bbox 541 2857 612 2899; x_wconf 91' lang='lat' dir='ltr'><strong>eam</strong></span> <span class='ocrx_word' id='word_1_203' title='bbox 627 2837 677 2901; x_wconf 86' lang='lat' dir='ltr'><strong>vel</strong></span> <span class='ocrx_word' id='word_1_204' title='bbox 694 2837 728 2899; x_wconf 91' lang='lat' dir='ltr'><strong>in</strong></span> <span class='ocrx_word' id='word_1_205' title='bbox 747 2858 866 2921; x_wconf 82' lang='lat' dir='ltr'><strong>magno</strong></span> <span class='ocrx_word' id='word_1_206' title='bbox 880 2837 931 2900; x_wconf 86' lang='lat' dir='ltr'><strong>vel</strong></span> <span class='ocrx_word' id='word_1_207' title='bbox 952 2837 988 2899; x_wconf 91' lang='lat' dir='ltr'><strong>in</strong></span> <span class='ocrx_word' id='word_1_208' title='bbox 1007 2836 1144 2899; x_wconf 89' lang='lat' dir='ltr'><strong>minimo</strong></span> <span class='ocrx_word' id='word_1_209' title='bbox 1160 2834 1335 2918; x_wconf 83' lang='lat' dir='ltr'><strong>infringere</strong></span> <span class='ocrx_word' id='word_1_210' title='bbox 1353 2836 1442 2899; x_wconf 84' lang='lat' dir='ltr'><strong>volu·</strong></span> 
     </span>
     <span class='ocr_line' id='line_1_25' title="bbox 339 2937 1443 3025; baseline 0.006 -26"><span class='ocrx_word' id='word_1_211' title='bbox 339 2937 410 3015; x_wconf 88' lang='lat' dir='ltr'><strong>erit,</strong></span> <span class='ocrx_word' id='word_1_212' title='bbox 427 2946 459 3002; x_wconf 85' lang='lat' dir='ltr'><strong>et</strong></span> <span class='ocrx_word' id='word_1_213' title='bbox 475 2940 554 3003; x_wconf 91' lang='lat' dir='ltr'><strong>alios</strong></span> <span class='ocrx_word' id='word_1_214' title='bbox 569 2939 608 3003; x_wconf 90' lang='lat' dir='ltr'><strong>cd</strong></span> <span class='ocrx_word' id='word_1_215' title='bbox 623 2940 684 3004; x_wconf 89' lang='lat' dir='ltr'><strong>boc</strong></span> <span class='ocrx_word' id='word_1_216' title='bbox 698 2940 897 3019; x_wconf 85' lang='lat' dir='ltr'><strong>conduxerit,</strong></span> <span class='ocrx_word' id='word_1_217' title='bbox 914 2942 1134 3025; x_wconf 91' lang='lat' dir='ltr'><strong>uuusquisque</strong></span> <span class='ocrx_word' id='word_1_218' title='bbox 1149 2962 1208 3025; x_wconf 92' lang='lat' dir='ltr'><strong>pro</strong></span> <span class='ocrx_word' id='word_1_219' title='bbox 1227 2942 1331 3025; x_wconf 89' lang='lat' dir='ltr'><strong>seipso</strong></span> <span class='ocrx_word' id='word_1_220' title='bbox 1345 2942 1443 3006; x_wconf 86' lang='lat' dir='ltr'><strong>libras</strong></span> 
     </span>
     <span class='ocr_line' id='line_1_26' title="bbox 339 3040 1442 3128; baseline 0.006 -26"><span class='ocrx_word' id='word_1_221' title='bbox 339 3040 482 3123; x_wconf 90' lang='lat' dir='ltr'><strong>quinque</strong></span> <span class='ocrx_word' id='word_1_222' title='bbox 501 3042 647 3125; x_wconf 85' lang='lat' dir='ltr'><strong>partibus</strong></span> <span class='ocrx_word' id='word_1_223' title='bbox 668 3045 781 3108; x_wconf 85' lang='lat' dir='ltr'><strong>Sancti</strong></span> <span class='ocrx_word' id='word_1_224' title='bbox 800 3045 890 3108; x_wconf 88' lang='lat' dir='ltr'><strong>Petri</strong></span> <span class='ocrx_word' id='word_1_225' title='bbox 909 3045 1087 3127; x_wconf 88' lang='lat' dir='ltr'><strong>persolvat;</strong></span> <span class='ocrx_word' id='word_1_226' title='bbox 1111 3053 1144 3109; x_wconf 93' lang='lat' dir='ltr'><strong>et</strong></span> <span class='ocrx_word' id='word_1_227' title='bbox 1159 3045 1313 3128; x_wconf 90' lang='lat' dir='ltr'><strong>quicquid</strong></span> <span class='ocrx_word' id='word_1_228' title='bbox 1327 3045 1442 3109; x_wconf 83' lang='lat' dir='ltr'><strong>exinde</strong></span> 
     </span>
     <span class='ocr_line' id='line_1_27' title="bbox 338 3142 1440 3232; baseline 0.005 -28"><span class='ocrx_word' id='word_1_229' title='bbox 338 3142 433 3205; x_wconf 90' lang='lat' dir='ltr'><strong>fiscus</strong></span> <span class='ocrx_word' id='word_1_230' title='bbox 457 3152 566 3207; x_wconf 87' lang='lat' dir='ltr'><strong>noster</strong></span> <span class='ocrx_word' id='word_1_231' title='bbox 588 3145 627 3209; x_wconf 89' lang='lat' dir='ltr'><strong>sd</strong></span> <span class='ocrx_word' id='word_1_232' title='bbox 650 3154 774 3228; x_wconf 88' lang='lat' dir='ltr'><strong>partem</strong></span> <span class='ocrx_word' id='word_1_233' title='bbox 795 3156 940 3211; x_wconf 88' lang='lat' dir='ltr'><strong>nostram</strong></span> <span class='ocrx_word' id='word_1_234' title='bbox 963 3168 1108 3231; x_wconf 89' lang='lat' dir='ltr'><strong>separare</strong></span> <span class='ocrx_word' id='word_1_235' title='bbox 1130 3156 1266 3232; x_wconf 87' lang='lat' dir='ltr'><strong>poterat,</strong></span> <span class='ocrx_word' id='word_1_236' title='bbox 1288 3149 1324 3210; x_wconf 91' lang='lat' dir='ltr'><strong>in</strong></span> <span class='ocrx_word' id='word_1_237' title='bbox 1345 3149 1440 3212; x_wconf 90' lang='lat' dir='ltr'><strong>lumi-</strong></span> 
     </span>
     <span class='ocr_line' id='line_1_28' title="bbox 337 3245 1441 3334; baseline 0.008 -28"><span class='ocrx_word' id='word_1_238' title='bbox 337 3245 469 3309; x_wconf 87' lang='lat' dir='ltr'><strong>naribus</strong></span> <span class='ocrx_word' id='word_1_239' title='bbox 494 3248 545 3310; x_wconf 87' lang='lat' dir='ltr'><strong>vel</strong></span> <span class='ocrx_word' id='word_1_240' title='bbox 567 3248 734 3331; x_wconf 87' lang='lat' dir='ltr'><strong>stipendiis</strong></span> <span class='ocrx_word' id='word_1_241' title='bbox 756 3250 997 3329; x_wconf 88' lang='lat' dir='ltr'><strong>monachorum,</strong></span> <span class='ocrx_word' id='word_1_242' title='bbox 1019 3272 1077 3314; x_wconf 89' lang='lat' dir='ltr'><strong>seu</strong></span> <span class='ocrx_word' id='word_1_243' title='bbox 1098 3260 1131 3314; x_wconf 88' lang='lat' dir='ltr'><strong>et</strong></span> <span class='ocrx_word' id='word_1_244' title='bbox 1152 3251 1342 3315; x_wconf 83' lang='lat' dir='ltr'><strong>elemosinas</strong></span> <span class='ocrx_word' id='word_1_245' title='bbox 1364 3274 1441 3334; x_wconf 90' lang='lat' dir='ltr'><strong>pan-</strong></span> 
     </span>
     <span class='ocr_line' id='line_1_29' title="bbox 338 3349 1441 3437; baseline 0.007 -27"><span class='ocrx_word' id='word_1_246' title='bbox 338 3368 450 3431; x_wconf 91' lang='lat' dir='ltr'><strong>perum</strong></span> <span class='ocrx_word' id='word_1_247' title='bbox 476 3349 577 3432; x_wconf 90' lang='lat' dir='ltr'><strong>ipsius</strong></span> <span class='ocrx_word' id='word_1_248' title='bbox 605 3355 792 3417; x_wconf 88' lang='lat' dir='ltr'><strong>monasterii</strong></span> <span class='ocrx_word' id='word_1_249' title='bbox 818 3355 1002 3437; x_wconf 88' lang='lat' dir='ltr'><strong>perenniter</strong></span> <span class='ocrx_word' id='word_1_250' title='bbox 1031 3363 1221 3437; x_wconf 87' lang='lat' dir='ltr'><strong>pernostra</strong></span> <span class='ocrx_word' id='word_1_251' title='bbox 1248 3356 1378 3419; x_wconf 86' lang='lat' dir='ltr'><strong>oracula</strong></span> <span class='ocrx_word' id='word_1_252' title='bbox 1401 3356 1441 3418; x_wconf 87' lang='lat' dir='ltr'><strong>ad</strong></span> 
     </span>
     <span class='ocr_line' id='line_1_30' title="bbox 337 3450 1440 3541; baseline 0.008 -29"><span class='ocrx_word' id='word_1_253' title='bbox 337 3450 501 3533; x_wconf 89' lang='lat' dir='ltr'><strong>integrum</strong></span> <span class='ocrx_word' id='word_1_254' title='bbox 516 3454 559 3517; x_wconf 88' lang='lat' dir='ltr'><strong>sit</strong></span> <span class='ocrx_word' id='word_1_255' title='bbox 571 3474 757 3520; x_wconf 88' lang='lat' dir='ltr'><strong>concessum</strong></span> <span class='ocrx_word' id='word_1_256' title='bbox 772 3466 869 3541; x_wconf 88' lang='lat' dir='ltr'><strong>atque</strong></span> <span class='ocrx_word' id='word_1_257' title='bbox 883 3457 1056 3523; x_wconf 85' lang='lat' dir='ltr'><strong>indultum.</strong></span> <span class='ocrx_word' id='word_1_258' title='bbox 1096 3460 1191 3523; x_wconf 90' lang='lat' dir='ltr'><strong>Hanc</strong></span> <span class='ocrx_word' id='word_1_259' title='bbox 1204 3456 1306 3541; x_wconf 90' lang='lat' dir='ltr'><strong>igitur</strong></span> <span class='ocrx_word' id='word_1_260' title='bbox 1320 3466 1440 3521; x_wconf 88' lang='lat' dir='ltr'><strong>cartam</strong></span> 
     </span>
     <span class='ocr_line' id='line_1_31' title="bbox 338 3556 1440 3646; baseline 0.01 -31"><span class='ocrx_word' id='word_1_261' title='bbox 338 3575 419 3617; x_wconf 87' lang='lat' dir='ltr'><strong>mese</strong></span> <span class='ocrx_word' id='word_1_262' title='bbox 447 3556 630 3621; x_wconf 90' lang='lat' dir='ltr'><strong>donationis</strong></span> <span class='ocrx_word' id='word_1_263' title='bbox 660 3568 693 3623; x_wconf 84' lang='lat' dir='ltr'><strong>et</strong></span> <span class='ocrx_word' id='word_1_264' title='bbox 721 3560 880 3625; x_wconf 88' lang='lat' dir='ltr'><strong>libertatis</strong></span> <span class='ocrx_word' id='word_1_265' title='bbox 909 3561 944 3623; x_wconf 93' lang='lat' dir='ltr'><strong>in</strong></span> <span class='ocrx_word' id='word_1_266' title='bbox 973 3561 1024 3625; x_wconf 90' lang='lat' dir='ltr'><strong>die</strong></span> <span class='ocrx_word' id='word_1_267' title='bbox 1053 3560 1263 3627; x_wconf 83' lang='lat' dir='ltr'><strong>dedicationis</strong></span> <span class='ocrx_word' id='word_1_268' title='bbox 1291 3562 1440 3646; x_wconf 74' lang='lat' dir='ltr'><strong>predictae</strong></span> 
     </span>
     <span class='ocr_line' id='line_1_32' title="bbox 338 3659 1437 3748; baseline 0.005 -26"><span class='ocrx_word' id='word_1_269' title='bbox 338 3659 489 3724; x_wconf 78' lang='lat' dir='ltr'><strong>tecclesiae</strong></span> <span class='ocrx_word' id='word_1_270' title='bbox 505 3662 632 3725; x_wconf 88' lang='lat' dir='ltr'><strong>recitari</strong></span> <span class='ocrx_word' id='word_1_271' title='bbox 644 3664 737 3747; x_wconf 88' lang='lat' dir='ltr'><strong>jussi,</strong></span> <span class='ocrx_word' id='word_1_272' title='bbox 753 3686 861 3729; x_wconf 89' lang='lat' dir='ltr'><strong>coram</strong></span> <span class='ocrx_word' id='word_1_273' title='bbox 878 3664 1042 3748; x_wconf 89' lang='lat' dir='ltr'><strong>episcopis,</strong></span> <span class='ocrx_word' id='word_1_274' title='bbox 1059 3663 1239 3745; x_wconf 90' lang='lat' dir='ltr'><strong>abbatibus,</strong></span> <span class='ocrx_word' id='word_1_275' title='bbox 1256 3666 1437 3743; x_wconf 88' lang='lat' dir='ltr'><strong>comitibus,</strong></span> 
     </span>
     <span class='ocr_line' id='line_1_33' title="bbox 335 3765 1440 3851; baseline 0.002 -22"><span class='ocrx_word' id='word_1_276' title='bbox 335 3774 368 3829; x_wconf 88' lang='lat' dir='ltr'><strong>et</strong></span> <span class='ocrx_word' id='word_1_277' title='bbox 390 3765 539 3830; x_wconf 90' lang='lat' dir='ltr'><strong>omnibus</strong></span> <span class='ocrx_word' id='word_1_278' title='bbox 560 3768 769 3850; x_wconf 83' lang='lat' dir='ltr'><strong>optimatibus</strong></span> <span class='ocrx_word' id='word_1_279' title='bbox 788 3768 916 3850; x_wconf 87' lang='lat' dir='ltr'><strong>Anglic,</strong></span> <span class='ocrx_word' id='word_1_280' title='bbox 933 3768 1086 3850; x_wconf 89' lang='lat' dir='ltr'><strong>omnique</strong></span> <span class='ocrx_word' id='word_1_281' title='bbox 1103 3768 1222 3851; x_wconf 92' lang='lat' dir='ltr'><strong>populo</strong></span> <span class='ocrx_word' id='word_1_282' title='bbox 1240 3768 1390 3831; x_wconf 84' lang='lat' dir='ltr'><strong>audiente</strong></span> <span class='ocrx_word' id='word_1_283' title='bbox 1407 3777 1440 3831; x_wconf 88' lang='lat' dir='ltr'><strong>et</strong></span> 
     </span>
     <span class='ocr_line' id='line_1_34' title="bbox 335 3869 1439 3955; baseline 0.003 -24"><span class='ocrx_word' id='word_1_284' title='bbox 335 3869 464 3935; x_wconf 88' lang='lat' dir='ltr'><strong>vidente</strong></span> <span class='ocrx_word' id='word_1_285' title='bbox 475 3898 485 3949; x_wconf 78' lang='lat'>3</span> <span class='ocrx_word' id='word_1_286' title='bbox 516 3877 549 3933; x_wconf 90' lang='lat' dir='ltr'><strong>et</strong></span> <span class='ocrx_word' id='word_1_287' title='bbox 571 3872 747 3935; x_wconf 89' lang='lat' dir='ltr'><strong>secuudum</strong></span> <span class='ocrx_word' id='word_1_288' title='bbox 770 3872 938 3955; x_wconf 88' lang='lat' dir='ltr'><strong>apostolici</strong></span> <span class='ocrx_word' id='word_1_289' title='bbox 953 3872 1072 3935; x_wconf 85' lang='lat' dir='ltr'><strong>Leonis</strong></span> <span class='ocrx_word' id='word_1_290' title='bbox 1094 3872 1227 3955; x_wconf 89' lang='lat' dir='ltr'><strong>ejusque</strong></span> <span class='ocrx_word' id='word_1_291' title='bbox 1249 3872 1439 3935; x_wconf 85' lang='lat' dir='ltr'><strong>successoris</strong></span> 
     </span>
     <span class='ocr_line' id='line_1_35' title="bbox 335 3972 1440 4057; baseline 0.004 -24"><span class='ocrx_word' id='word_1_292' title='bbox 335 3972 485 4036; x_wconf 92' lang='lat' dir='ltr'><strong>Nicbolai</strong></span> <span class='ocrx_word' id='word_1_293' title='bbox 508 3973 733 4052; x_wconf 85' lang='lat' dir='ltr'><strong>constitutum,</strong></span> <span class='ocrx_word' id='word_1_294' title='bbox 753 3974 1023 4038; x_wconf 82' lang='lat' dir='ltr'><strong>excommunicari</strong></span> <span class='ocrx_word' id='word_1_295' title='bbox 1044 3974 1106 4037; x_wconf 83' lang='lat' dir='ltr'><strong>feci</strong></span> <span class='ocrx_word' id='word_1_296' title='bbox 1127 3975 1256 4057; x_wconf 91' lang='lat' dir='ltr'><strong>eosqui</strong></span> <span class='ocrx_word' id='word_1_297' title='bbox 1276 3975 1440 4039; x_wconf 88' lang='lat' dir='ltr'><strong>decretum</strong></span> 
     </span>
     <span class='ocr_line' id='line_1_36' title="bbox 333 4073 1439 4160; baseline 0.003 -24"><span class='ocrx_word' id='word_1_298' title='bbox 333 4082 481 4137; x_wconf 87' lang='lat' dir='ltr'><strong>nostrum</strong></span> <span class='ocrx_word' id='word_1_299' title='bbox 506 4073 719 4158; x_wconf 84' lang='lat' dir='ltr'><strong>infringerent</strong></span> <span class='ocrx_word' id='word_1_300' title='bbox 740 4077 789 4139; x_wconf 91' lang='lat' dir='ltr'><strong>vel</strong></span> <span class='ocrx_word' id='word_1_301' title='bbox 811 4076 945 4159; x_wconf 83' lang='lat' dir='ltr'><strong>infringi</strong></span> <span class='ocrx_word' id='word_1_302' title='bbox 966 4077 1200 4160; x_wconf 87' lang='lat' dir='ltr'><strong>permitterent,</strong></span> <span class='ocrx_word' id='word_1_303' title='bbox 1224 4078 1439 4159; x_wconf 85' lang='lat' dir='ltr'><strong>quantumin</strong></span> 
     </span>
     <span class='ocr_line' id='line_1_37' title="bbox 333 4175 1440 4263; baseline 0.007 -26"><span class='ocrx_word' id='word_1_304' title='bbox 333 4175 411 4257; x_wconf 90' lang='lat' dir='ltr'><strong>ipsis</strong></span> <span class='ocrx_word' id='word_1_305' title='bbox 446 4186 540 4241; x_wconf 88' lang='lat' dir='ltr'><strong>esset.</strong></span> <span class='ocrx_word' id='word_1_306' title='bbox 607 4178 762 4263; x_wconf 79' lang='lat' dir='ltr'><strong>Quisquis</strong></span> <span class='ocrx_word' id='word_1_307' title='bbox 796 4187 906 4243; x_wconf 89' lang='lat' dir='ltr'><strong>autern</strong></span> <span class='ocrx_word' id='word_1_308' title='bbox 934 4201 1154 4245; x_wconf 89' lang='lat' dir='ltr'><strong>successorum</strong></span> <span class='ocrx_word' id='word_1_309' title='bbox 1182 4202 1328 4243; x_wconf 88' lang='lat' dir='ltr'><strong>meorum</strong></span> <span class='ocrx_word' id='word_1_310' title='bbox 1356 4181 1440 4245; x_wconf 85' lang='lat' dir='ltr'><strong>hanc</strong></span> 
     </span>
     <span class='ocr_line' id='line_1_38' title="bbox 333 4280 1438 4367; baseline 0.005 -25"><span class='ocrx_word' id='word_1_311' title='bbox 333 4280 517 4345; x_wconf 88' lang='lat' dir='ltr'><strong>donationis</strong></span> <span class='ocrx_word' id='word_1_312' title='bbox 532 4283 716 4347; x_wconf 86' lang='lat' dir='ltr'><strong>libertatem</strong></span> <span class='ocrx_word' id='word_1_313' title='bbox 736 4282 873 4346; x_wconf 84' lang='lat' dir='ltr'><strong>firmiter</strong></span> <span class='ocrx_word' id='word_1_314' title='bbox 886 4292 983 4367; x_wconf 89' lang='lat' dir='ltr'><strong>atque</strong></span> <span class='ocrx_word' id='word_1_315' title='bbox 997 4283 1225 4347; x_wconf 88' lang='lat' dir='ltr'><strong>inviolabiliter</strong></span> <span class='ocrx_word' id='word_1_316' title='bbox 1240 4284 1438 4362; x_wconf 88' lang='lat' dir='ltr'><strong>custodierit,</strong></span> 
     </span>
     <span class='ocr_line' id='line_1_39' title="bbox 333 4384 1441 4469; baseline 0.003 -22"><span class='ocrx_word' id='word_1_317' title='bbox 333 4389 451 4447; x_wconf 83' lang='lat' dir='ltr'><strong>aeterna</strong></span> <span class='ocrx_word' id='word_1_318' title='bbox 466 4394 638 4451; x_wconf 87' lang='lat' dir='ltr'><strong>coronetur</strong></span> <span class='ocrx_word' id='word_1_319' title='bbox 655 4384 811 4465; x_wconf 83' lang='lat' dir='ltr'><strong>claritate,</strong></span> <span class='ocrx_word' id='word_1_320' title='bbox 828 4386 1028 4469; x_wconf 75' lang='lat' dir='ltr'><strong>ccelestisque</strong></span> <span class='ocrx_word' id='word_1_321' title='bbox 1043 4387 1135 4469; x_wconf 89' lang='lat' dir='ltr'><strong>regni</strong></span> <span class='ocrx_word' id='word_1_322' title='bbox 1149 4386 1245 4469; x_wconf 87' lang='lat' dir='ltr'><strong>plena</strong></span> <span class='ocrx_word' id='word_1_323' title='bbox 1258 4386 1441 4469; x_wconf 83' lang='lat' dir='ltr'><strong>perfruatur</strong></span> 
     </span>
    </p>
   </div>
   <div class='ocr_carea' id='block_1_3' title="bbox 0 0 1622 5125">
    <p class='ocr_par' dir='ltr' id='par_1_3' title="bbox 0 0 1622 5125">
     <span class='ocr_line' id='line_1_40' title="bbox 0 0 1622 5125; baseline 0 4"><span class='ocrx_word' id='word_1_324' title='bbox 0 0 1622 5125; x_wconf 95' lang='lat' dir='ltr'><strong> </strong></span> 
     </span>
    </p>
   </div>
  </div>
 </body>
</html>
