3234 5125
304 449 338 503 74
573 447 897 506 MISenLLANsous
919 445 1131 503 chaereas

306 621 378 686 Nec
400 621 456 686 ille
481 623 568 686 selus
589 622 755 707 episcopus
779 621 830 685 his
856 620 990 704 aliisque
1011 618 1108 684 rebus
1131 616 1337 702 perplurimis
1358 613 1409 680 in·

306 725 483 790 honoratus
497 725 620 804 fuisset,
637 726 691 789 sed
707 747 765 810 per
778 725 890 789 eadem
904 722 1104 807 supradictas
1120 720 1356 786 accussaticnes
1376 729 1410 784 et

306 827 480 892 discordias
494 835 566 892 tota
579 849 658 911 gens
672 828 873 912 Ancglorum
887 848 934 892 vr.
950 827 1053 890 ferme
1071 844 1230 888 annorum
1251 823 1411 888 carneriis

308 913 367 994 sua
388 930 588 1013 primordiali
611 931 803 996 auctoritate
825 949 985 1012 sacraeque
1006 926 1209 1010 baptismatis
1231 925 1411 990 ministerio

307 1032 432 1116 privata
451 1040 500 1098 est
509 1059 519 1112 ;
545 1041 656 1117 postea
678 1033 777 1096 etiam
798 1031 854 1095 ille
874 1031 1047 1115 praedictus
1067 1051 1126 1093 rex
1145 1028 1316 1094 Coenwulf
1334 1047 1409 1092 cum

307 1136 373 1199 suis
397 1135 594 1220 sapientibus
615 1134 655 1199 ad
677 1135 817 1218 regalem
835 1134 945 1197 villam
963 1131 1144 1197 Lundonioe
1164 1131 1351 1215 perveniens
1368 1129 1409 1194 ad

305 1239 367 1302 hoc
386 1238 561 1322 eodemque
578 1237 713 1302 concilio
735 1237 828 1300 iham
849 1235 1121 1319 archiepiscopum
1140 1253 1217 1298 eum
1237 1252 1296 1297 suo
1313 1231 1409 1298 foeda

306 1339 498 1424 foenoreque
512 1339 694 1424 principum
717 1360 849 1403 suorum
865 1336 1033 1402 invitabat.
1077 1337 1232 1420 'luneque
1245 1337 1281 1399 in
1295 1336 1408 1400 eodem

306 1443 442 1507 concilio
456 1464 531 1506 cum
545 1444 686 1506 maxima
697 1441 898 1506 districtione
912 1441 969 1505 illo
983 1439 1130 1523 episeopo
1144 1438 1312 1503 mandavit
1322 1437 1409 1522 quod

306 1545 456 1609 omnihus
474 1545 570 1608 rebus
593 1566 663 1628 quae
683 1544 770 1608 illius
792 1543 1021 1608 dominationis
1039 1549 1116 1606 sunt
1133 1541 1337 1625 disspoliatus
1354 1541 1408 1605 de·

307 1647 428 1710 buisset
446 1647 525 1726 fieri,
541 1648 694 1730 omnique
714 1646 753 1711 de
773 1647 879 1730 patria
900 1645 963 1709 ista
985 1665 1053 1709 esse
1074 1643 1239 1728 prodigus,
1260 1651 1293 1708 et
1313 1664 1407 1707 num·

306 1770 403 1832 quam
426 1769 485 1813 nec
501 1749 607 1814 verbis
628 1749 747 1813 domne
768 1770 859 1833 papae
881 1769 941 1812 nec
963 1747 1100 1826 cesaris,
1121 1768 1178 1812 seu
1199 1745 1332 1810 alterius
1350 1747 1406 1810 ali·

307 1852 399 1934 cujus
421 1849 523 1935 gradu
546 1851 609 1916 hnc
632 1851 666 1914 in
684 1851 822 1936 patriam
843 1851 962 1916 iterum
986 1849 1147 1933 recipisse,
1162 1848 1226 1912 nisi
1244 1849 1306 1913 hoc
1331 1869 1408 1913 eon·

305 1954 425 2018 sentire
440 1954 601 2031 voluisset,
617 1953 679 2017 hoc
693 1952 844 2038 estquod
861 1954 951 2018 illam
967 1961 1088 2017 terram
1102 1959 1145 2016 aet
1160 1949 1409 2035 Iogneshomme

305 2075 374 2120 ccc.
392 2057 533 2120 manent.
550 2054 747 2135 reddidisset,
763 2057 922 2139 istamque
936 2054 1106 2140 pecuniam
1123 2053 1309 2117 tradidisset
1323 2073 1406 2118 uxr.

304 2159 470 2224 librarum.
517 2159 581 2223 Sed
608 2165 641 2222 et
666 2159 721 2223 ille
745 2160 911 2243 episeopus
932 2159 1017 2222 hano
1037 2157 1330 2222 reconciliationem
1351 2157 1408 2221 din

303 2283 479 2340 recussum,
495 2269 734 2346 spontaneaque
748 2263 914 2326 voluntate
928 2262 1062 2326 omnino
1076 2261 1187 2325 insons
1202 2261 1314 2325 nolens
1329 2281 1406 2325 con·

304 2363 435 2444 sentire,
460 2364 516 2428 sed
537 2371 647 2428 tamen
673 2364 865 2454 tantundem
887 2385 954 2447 prae
975 2364 1038 2429 ista
1059 2363 1244 2447 supradicta
1265 2363 1408 2448 increpa·

303 2468 393 2530 tione
409 2466 593 2550 rapacitatis
616 2473 648 2529 et
670 2466 746 2549 fuge
763 2475 904 2545 coactus,
919 2466 980 2531 hac
997 2466 1184 2532 condicione
1199 2467 1284 2530 hanc
1296 2487 1407 2530 recon-

303 2570 497 2634 ciliationem
517 2569 563 2635 sic
580 2570 701 2634 invitus
719 2571 893 2649 consensit,
913 2577 951 2633 ut
970 2570 1059 2635 omni
1079 2577 1239 2654 potestate
1255 2570 1405 2636 obedien·

301 2672 421 2756 tiaque,
445 2693 517 2755 quae
542 2672 583 2735 ad
605 2672 692 2735 illius
714 2672 927 2758 episcopalem
956 2673 1065 2737 sedem
1090 2673 1295 2757 pertinebant
1313 2674 1408 2758 juxta

301 2775 527 2839 auctoritatem
548 2775 666 2858 gradus
685 2776 756 2859 ejus
776 2774 895 2859 dignm
912 2775 1037 2854 fuisset,
1057 2775 1141 2840 sicut
1159 2775 1406 2859 predecessores

300 2878 370 2961 ejus
383 2878 479 2961 juxta
497 2876 619 2959 justam
641 2877 789 2943 ordinem
811 2879 847 2941 in
869 2878 1014 2962 pristinis
1036 2878 1235 2962 temporibus
1253 2886 1329 2943 ante
1347 2899 1405 2962 per

301 2979 410 3042 omnia
424 2978 612 3043 habuerant.
659 2978 724 3043 Sed
743 2987 776 3043 et
795 2980 920 3063 hocque
937 2981 993 3045 ille
1009 3002 1065 3045 rex
1080 2981 1250 3045 Coenwuls
1263 2982 1321 3045 illo
1340 2980 1405 3066 epi·

299 3066 395 3164 scopo
406 3079 634 3159 reconciliavit,
643 3088 681 3144 ut
695 3082 842 3145 omnium
856 3082 1110 3167 supradictarum
1125 3083 1406 3167 sucggillationum

300 3182 594 3266 discordiarumque
616 3182 779 3247 insontem
801 3192 836 3248 et
857 3205 1005 3249 securum
1027 3194 1140 3249 contra
1161 3186 1279 3249 domne
1300 3207 1406 3269 papan

299 3284 426 3348 fecisset
434 3310 444 3362 ;
468 3291 525 3348 aut
536 3285 564 3347 si
574 3284 637 3349 hoo
647 3285 752 3349 faeere
760 3307 828 3350 non
845 3288 1012 3370 potuisset,
1023 3287 1114 3351 illam
1128 3288 1404 3372 pecuniamquam

299 3387 329 3451 ei
354 3385 492 3451 dedisset
515 3387 636 3451 iterum
658 3387 807 3472 episcopo
833 3389 943 3453 omnia
970 3390 1169 3453 reddidisset.
1229 3388 1293 3454 Sed
1321 3390 1404 3453 nihil

299 3490 396 3573 hujus
411 3488 556 3553 condicta
576 3490 773 3554 condicionis
792 3492 962 3576 impletum
977 3500 1036 3556 est.
1084 3492 1149 3556 Sed
1166 3491 1236 3556 haec
1250 3493 1405 3557 continua

301 3590 410 3655 omnia
426 3590 539 3654 fallata
560 3600 646 3671 sunt,
663 3592 739 3676 quia
761 3602 834 3677 post
853 3595 966 3659 eadem
987 3594 1280 3659 reconciliationem
1299 3595 1404 3660 tribus

301 3693 394 3759 annis
408 3693 543 3777 integris
557 3702 599 3758 set
616 3696 843 3780 Sudmynstre,
858 3704 927 3761 tam
940 3698 977 3761 in
990 3705 1085 3779 pastu
1102 3705 1136 3761 et
1154 3698 1292 3780 pecunia
1304 3698 1401 3762 vesti·

300 3797 493 3879 mentisque,
516 3818 553 3861 ac
574 3797 663 3859 omni
686 3797 889 3865 oboedientia
910 3821 992 3884 quae
1020 3800 1062 3863 ad
1083 3800 1172 3863 illam
1194 3801 1405 3885 archiepisco-

300 3900 406 3983 palem
434 3898 542 3963 sedem
571 3899 764 3981 pertinebat,
791 3902 861 3965 sine
889 3903 980 3966 omni
1002 3901 1123 3967 honore
1144 3901 1311 3967 fraudabis
1333 3912 1383 3967 est
1393 3929 1403 3981 3

299 4003 433 4087 aliisque
449 4001 485 4065 in
503 4001 582 4066 locis
600 4003 804 4086 perplurimis
823 4005 910 4067 illius
927 4005 1097 4088 parochiae
1114 4005 1326 4069 inhonoratus
1344 4015 1404 4070 est.

299 4107 415 4170 Postea
437 4125 513 4169 vero
538 4105 674 4188 contigit
697 4114 735 4169 ut
757 4106 793 4169 in
814 4106 1015 4190 temporibus
1036 4108 1181 4191 praedicti
1208 4109 1403 4172 Beornwulli

299 4209 383 4292 regis
403 4208 443 4272 ad
463 4207 616 4290 illamque
638 4208 917 4291 praenominatam
938 4209 1097 4294 synodum
1117 4218 1170 4275 aet
1185 4211 1403 4290 Closeshoum,
1484 4226 1489 4233 ·

298 4311 353 4375 ille
363 4310 617 4395 archiepiscopus
629 4310 766 4375 Uulsred
778 4312 1034 4397 ewoeneryaam
1044 4315 1128 4377 abitt.
1139 4313 1290 4377 heredem
1302 4314 1406 4378 Coen-

297 4414 383 4478 wulfi
398 4435 472 4479 cum
483 4413 594 4477 eadem
609 4413 788 4479 hereditate
803 4414 891 4479 illius
905 4415 1072 4495 invitabat,
1082 4415 1405 4501 emendationemque
