3234 5125
498 418 819 477 MISOELLANEOUS
837 421 1050 479 CHARTERS.
1292 428 1327 480 45

219 591 410 677 ticipatione
430 592 572 675 corporis
597 600 630 657 et
654 593 829 677 sanguinis·
839 595 972 659 Domini
994 596 1097 661 Jbesu
1116 597 1239 662 Christi
1257 620 1326 663 esse

220 697 353 774 alienos,
379 704 413 759 et
436 716 456 760 a
479 702 551 761 ceto
572 695 717 761 fidelium
743 698 958 780 segregandos
979 698 1033 763 bic
1054 707 1088 763 et
1110 700 1143 763 in
1166 708 1325 765 eternum.

221 800 330 866 Quam
342 798 538 883 sepedictam
550 798 707 863 carbilam
719 798 922 864 scribendam
937 801 1066 881 dictavi,
1076 810 1109 867 et
1119 802 1193 882 tibi,
1203 812 1323 887 pastor,

219 904 274 969 eui
288 924 385 986 supra
398 901 519 967 tradidi
534 900 796 966 conservandam.

267 1006 329 1070 His
345 1026 420 1070 vero
435 1004 612 1068 notissimis
627 1004 820 1069 terminibus
836 1005 1074 1097 circumgyrato
1086 1014 1147 1072 est.
1176 1009 1219 1073 In
1234 1008 1325 1093 aqui·

219 1111 296 1175 lonc
321 1108 451 1193 publica
477 1114 615 1187 stratus3
647 1106 683 1170 in
706 1106 831 1171 oriente
852 1107 900 1171 ite
925 1116 994 1187 est;
1024 1109 1059 1172 in
1081 1109 1216 1176 meridie
1237 1118 1325 1175 terra

221 1214 340 1279 Sancte
354 1212 527 1277 Esnswibe
535 1237 545 1291 ;
569 1212 604 1275 in
619 1210 786 1275 occidente
801 1212 966 1276 Denetun.

265 1318 386 1382 Actum
409 1322 461 1381 est
490 1335 556 1379 ιιι.
583 1313 747 1379 Kalendas
776 1313 907 1398 Agusti,
938 1314 1324 1396 Indictionev11.,anno

220 1420 313 1504 regni
327 1419 431 1484 nostri
446 1440 500 1483 111.

265 1524 403 1607 Signum
428 1543 544 1586 manus
573 1520 700 1585 Cenulfi
729 1520 826 1603 regis.
882 1520 1020 1604 Signum
1043 1542 1159 1585 manus
1179 1522 1324 1587 Dcodori

219 1626 370 1713 episcopi.
417 1624 554 1707 Signum
569 1644 683 1687 manus
698 1622 837 1689 Adriani
857 1622 993 1687 abbatis.
1038 1624 1109 1707 Ego
1124 1625 1242 1689 Rednn
1256 1628 1323 1710 epi-

220 1751 346 1813 seopus.
391 1727 468 1792 Piot
496 1728 562 1791 dux
585 1726 743 1791 consensi.
787 1726 878 1790 'liolf
894 1725 960 1789 dux
983 1727 1140 1791 consensi.
1185 1728 1322 1813 Cynelm

219 1834 305 1897 filius
320 1832 416 1917 regis.
462 1828 645 1897 Biornlrard
660 1828 818 1894 minister.
862 1829 1013 1913 Egbeard
1028 1829 1193 1895 diaconus.

414 2292 511 2347 nnuc
529 2277 722 2347 csnuuns
739 2288 787 2343 os
804 2288 963 2345 consors.
1000 2289 1131 2345 ncces.

266 2447 307 2526 ›1‹
323 2442 420 2506 Anno
435 2435 615 2503 Dominicoe
628 2434 862 2500 incarnationis
876 2454 1008 2514 ncces,
1023 2434 1116 2518 regni
1135 2455 1211 2500 vero
1224 2436 1320 2501 Coen-

220 2546 313 2632 olphi
330 2543 414 2629 regis
429 2540 628 2607 Merciorum
647 2558 732 2604 anno
747 2538 872 2622 quinto,
890 2545 963 2603 orta
978 2544 1029 2603 est
1043 2538 1151 2622 alique
1164 2537 1322 2605 dissensio

220 2652 308 2714 inter
325 2645 541 2730 Coenulpbum
556 2651 589 2708 et
603 2643 792 2707 Webunum
816 2640 1001 2725 episcopum
1020 2642 1223 2705 busti-alium
1242 2644 1321 2706 Sax-

219 2774 332 2832 onum,
344 2749 384 2814 de
398 2755 486 2814 terra
502 2747 589 2812 illins
606 2744 742 2830 predicti
756 2742 907 2828 episcopi,
922 2742 956 2807 id
974 2751 1033 2822 est,
1048 2743 1085 2806 in
1100 2744 1231 2807 Denton
1246 2765 1320 2810 nv.

221 2855 360 2922 Dicebat
373 2873 430 2918 rex
447 2857 486 2915 ut
506 2849 627 2914 rectius
644 2847 805 2931 ottingene
825 2845 957 2910 deberet
980 2845 1019 2911 ad
1037 2845 1270 2910 monasterium
1286 2848 1323 2911 in

220 2955 471 3042 Beedynghsm3
503 2951 630 3016 dicebat
653 2949 821 3034 episcopus
852 2947 939 3032 quod
967 2947 1037 3031 ejus
1067 2948 1322 3013 antecessoribus

219 3060 344 3126 dudum
358 3058 471 3122 datum
486 3054 591 3120 dierat
605 3053 647 3118 ad
660 3051 828 3118 ecclesiam
843 3057 964 3135 queest
978 3049 1014 3114 in
1025 3049 1187 3134 Selesegh.
1224 3052 1321 3136 Cogi.

218 3163 312 3227 tabat
330 3181 387 3224 rex
404 3179 479 3224 eum
493 3156 528 3220 in
543 3155 651 3240 aliqua
667 3162 758 3239 parte
775 3174 833 3218 sue
852 3151 1041 3217 hereditatis
1059 3151 1242 3236 dispoliare,
1256 3154 1321 3218 uisi

219 3266 388 3351 episcopus
405 3259 547 3347 predicte
566 3257 729 3344 provincie
742 3257 886 3336 wesen,
902 3277 978 3322 cnm
996 3255 1182 3320 testimonio
1199 3277 1237 3322 ac
1250 3279 1320 3324 ver·

218 3370 271 3434 bis
292 3365 455 3432 canonicis
477 3383 587 3447 regem
611 3359 824 3444 resipisceret,
843 3381 881 3425 ac
902 3358 1115 3444 perniciosam
1137 3359 1322 3426 meditatio·

219 3493 296 3536 nem
318 3467 436 3552 regalis
452 3465 597 3551 potentie
616 3462 791 3546 mitigaret,
810 3469 844 3525 et
862 3461 980 3526 humili
1009 3461 1242 3546 supplicatione
1264 3486 1321 3548 po-

217 3573 324 3659 poscit
342 3577 381 3635 ut
405 3590 480 3634 enm
502 3568 664 3632 insontem
687 3564 957 3648 innocentemque
977 3585 1045 3628 non
1066 3562 1320 3647 condemnasset,

219 3697 326 3761 neque
340 3671 535 3758 deprivasset
551 3667 722 3734 hereditati
742 3667 886 3732 ecclesie.
929 3667 1021 3731 Tunc
1037 3687 1094 3730 rex
1114 3667 1220 3732 verbis
1234 3668 1322 3750 legs·

218 3781 305 3846 libus
326 3776 475 3861 episcopo
498 3771 673 3858 promendo
695 3770 912 3848 consentiens,
935 3769 1157 3854 concessitque
1173 3769 1323 3855 episcopo

218 3893 259 3949 ut
273 3882 313 3946 sd
327 3878 457 3965 propria
471 3897 545 3941 cum
560 3874 674 3941 cedula
687 3880 870 3951 remeasset,
879 3871 1065 3955 ibidemque
1079 3871 1150 3937 sine
1163 3872 1230 3936 ullo
1245 3893 1321 3936 con·

218 3987 310 4051 flictu
324 3979 611 4066 sempieternaliter
625 3999 699 4042 cnm
714 3976 780 4041 suis
800 3974 1038 4040 successoribus
1051 3974 1233 4038 mansisset.
1276 3977 1321 4040 Et

218 4090 281 4154 hoc
295 4105 404 4152 coram
417 4082 508 4148 omni
522 4079 635 4146 sinodo
657 4087 700 4145 set
715 4078 869 4144 Celcbibe
883 4077 1039 4143 ascribere
1053 4076 1268 4156 demandavit,
1283 4085 1322 4143 ut

218 4191 329 4257 nullus
352 4205 570 4252 successorum
594 4183 664 4268 ejus
687 4201 762 4246 eum
776 4181 812 4245 in
833 4180 942 4264 aliquo
963 4179 1122 4257 molestet,
1146 4177 1196 4242 vel
1221 4180 1321 4244 ecclc·

218 4295 301 4359 siam
316 4291 464 4375 agitaret,
481 4286 542 4353 sub
556 4287 619 4352 boc
633 4283 821 4350 testimonio
838 4303 977 4366 qnorum
997 4280 1133 4348 nomina
1153 4292 1321 4347 caraxatnr

219 4419 288 4462 esse
304 4394 464 4458 videntur.
