3234 5125
465 454 783 513 MISCELLANEOL'S
802 460 1014 520 CHARTERS.
1256 468 1291 520 19

184 622 372 703 newalchio,
395 625 580 707 Kentwino,
599 629 768 711 cedwalla,
795 633 856 718 [et]
883 635 1043 701 Baldredo
1061 637 1288 701 confirmatum

184 736 253 789 esse
267 725 456 808 dinoscitur,
467 730 657 796 inconcussa
679 740 712 797 et
731 734 864 800 illabata
881 748 1100 820 permaneant.
1146 741 1191 804 Et
1211 761 1287 823 que·

183 848 323 914 cumque
346 832 552 898 inmerserint
575 840 678 915 111111,
702 836 738 901 11
764 838 957 919 homicidiis,
984 842 1169 926 sacrilegiis,
1191 864 1286 907 1111-

183 930 275 1011 ficiis,
290 932 396 1013 hirtis,
412 935 543 1019 rapinis,
554 937 588 999 in
604 937 816 1023 disposicione
830 944 1046 1023 ecclesiarum,
1064 944 1126 1029 [et]
1146 946 1285 1029 descrip-
1349 1025 1354 1041 .

182 1033 276 1099 cione
289 1044 323 1099 et
337 1036 543 1102 ordinacione
558 1040 758 1121 clericorum,
773 1043 808 1106 in
828 1046 1061 1111 conventiculis
1075 1046 1284 1125 sinodalibus,

182 1143 216 1201 et
245 1138 281 1201 in
309 1140 459 1204 omnibus
483 1142 663 1226 judiciariis
698 1146 1004 1228 examinacionihus,
1036 1150 1156 1233 absque
1188 1150 1285 1213 ullius

182 1239 323 1305 hominis
346 1243 532 1327 prejudicio
560 1246 685 1311 abbatis
709 1257 742 1313 et
767 1258 943 1315 conventus
965 1250 1176 1336 disposicione
1201 1251 1283 1316 diffi-

181 1344 333 1425 niantur,·
357 1346 412 1411 sed
435 1354 468 1412 et
490 1348 641 1415 omnibus
662 1354 755 1436 regni
777 1355 842 1417 mei
863 1355 1003 1438 regibus,
1027 1356 1283 1440 archiepiscopis,

180 1448 346 1533 episcopis,
374 1450 519 1531 ducibus,
544 1462 577 1517 et
599 1454 806 1539 principibus,
837 1478 932 1540 snper
953 1458 1107 1523 honorem
1130 1482 1225 1523 suum
1250 1468 1284 1524 et

179 1571 322 1616 amorem
344 1574 452 1618 meum
472 1555 624 1638 precipio,
640 1565 673 1621 et
693 1558 852 1635 omnibus,
869 1568 936 1622 tam
955 1559 1036 1624 meis
1054 1582 1150 1644 quam
1171 1582 1282 1626 eornm

178 1656 347 1735 ministris,
363 1678 458 1741 super
473 1658 610 1722 salutem
625 1660 766 1744 corporis
782 1662 833 1725 sui
847 1661 998 1746 precipio,
1015 1683 1056 1726 ne
1070 1662 1156 1727 ullus
1171 1685 1281 1727 eorum

176 1757 211 1820 in
234 1758 374 1823 insulam
396 1760 530 1824 Domini
559 1762 662 1825 nostri
693 1762 795 1827 Jhesu
818 1764 951 1843 Christi,
981 1775 1014 1828 et
1042 1774 1195 1849 perpetue
1216 1766 1280 1829 vir-

176 1860 263 1943 ginis
297 1862 404 1927 Marie
438 1863 592 1942 Glasteie,
629 1886 689 1929 nee
721 1866 865 1949 ejusdem
896 1866 1028 1931 ecclesie
1057 1868 1280 1951 possessiones,

176 1985 274 2029 causa
298 1965 482 2049 placitandi,
509 1968 741 2051 perscrutandi,
766 1969 921 2053 rapiendi,
949 1970 1156 2054 percipiendi,
1180 1970 1280 2034 inter-

176 2066 316 2148 dicendi,
332 2070 382 2133 vel
402 2069 522 2153 aliquid
542 2069 678 2134 faciendi
702 2072 786 2154 quod
813 2071 933 2136 ibidem
954 2073 1024 2137 Deo
1050 2073 1281 2137 famulantibus

174 2171 277 2253 possit
292 2193 360 2236 esse
380 2173 415 2235 in
430 2172 626 2251 scandalum,
642 2174 757 2238 audeat
773 2174 903 2238 intrare.
950 2174 1037 2240 Illud
1052 2185 1160 2240 autem
1176 2179 1280 2241 omni·

174 2274 317 2356 potentis
340 2276 404 2339 Dei
425 2282 458 2339 et
480 2260 632 2360 perpetue
654 2277 793 2361 virginis'
811 2278 926 2358 Mario,
950 2288 984 2342 et
1001 2278 1168 2343 beatorum
1191 2283 1279 2345 Petri

174 2382 209 2439 et
227 2376 332 2456 Pauli,
355 2386 388 2442 et
414 2378 559 2442 omnium
583 2379 808 2444 intercessione
831 2388 1026 2460 sanctorum,
1050 2373 1279 2447 interdiccione

174 2478 343 2558 interdico,
366 2501 408 2543 ne
437 2480 471 2543 in
491 2480 560 2565 ipsa
584 2480 800 2545 Glastoniensi
827 2482 970 2563 ecclesia,
994 2504 1053 2548 nec
1078 2485 1114 2547 11
1138 2485 1279 2551 ecclesiis

171 2581 236 2646 sibi
250 2583 395 2662 subditis,
410 2583 467 2647 111.
486 2585 591 2668 Sowy,
607 2585 737 2663 Brente,
754 2586 926 2669 Merlinge,
944 2586 1142 2671 Schapewik,
1159 2590 1277 2667 Strete,

173 2685 419 2768 Buddecleighe‚
432 2685 554 2764 Ρ111111,
566 2687 672 2750 necin
684 2707 793 2750 earum
809 2688 949 2771 capellis,
965 2688 1021 2752 sed
1032 2708 1092 2753 nee
1106 2690 1142 2752 in
1152 2689 1277 2768 insulis,

172 2787 281 2871 aliqua
299 2788 533 2853 interveniente
553 2789 728 2868 occasione,
745 2789 913 2873 episcopus
928 2790 1113 2855 cathedram
1133 2792 1193 2856 sibi
1211 2794 1277 2876 epi-

171 2890 332 2974 scopalem
347 2899 498 2970 statuere,
511 2911 570 2954 nec
582 2891 695 2954 missas
710 2891 890 2975 solempnes
902 2891 1073 2970 celebrare,
1088 2914 1148 2956 nec
1163 2893 1277 2958 altaria

169 3011 366 3072 consecrare,
390 3014 450 3058 nec
479 2992 628 3058 ecclesias
653 2992 809 3072 dedicare,
836 3015 897 3058 nec
920 2994 1048 3058 ordines
1077 2995 1191 3075 facere,
1216 3019 1275 3061 neo

170 3093 293 3177 aliquid
312 3095 446 3159 omnino
462 3095 630 3179 disponere
644 3105 821 3179 presumat,
836 3096 900 3160 nisi
917 3096 958 3160 ab
976 3097 1092 3162 abbate
1106 3098 1157 3162 111
1178 3122 1197 3163 1
1210 3099 1273 3163 fra-

168 3195 275 3260 tribns
302 3196 459 3261 invitatus
487 3197 594 3261 fuerit.
649 3198 744 3264 Quod
774 3199 801 3262 si
831 3199 873 3262 ad
901 3199 960 3263 hec
989 3199 1144 3265 invitatus
1165 3202 1273 3281 fuerit,

166 3297 270 3362 nichil
292 3298 332 3364 de
356 3299 452 3364 rebus
477 3299 619 3378 ecclesie,
642 3308 691 3364 set
716 3321 775 3364 nee
797 3301 839 3365 de
857 3301 935 3385 ipsis
956 3301 1187 3382 oblacionibus,
1206 3305 1274 3388 ipse

166 3399 230 3464 sibi
245 3401 366 3485 aliquid
381 3409 523 3486 usurpet.
569 3401 705 3466 Duobus
725 3402 758 3465 in
781 3402 860 3468 locis
877 3424 916 3467 ex
934 3403 1034 3486 ipsius
1051 3404 1183 3469 ecclesie
1200 3428 1272 3490 pos-

166 3503 373 3583 sessionibus,
391 3505 470 3568 duas
495 3505 525 3568 ei
548 3503 731 3588 delegamus
757 3505 948 3583 mansiones,
973 3527 1072 3570 uuam
1089 3507 1124 3569 in
1144 3508 1269 3587 Pohelt,

166 3605 302 3670 alteram
316 3606 351 3670 in
366 3607 442 3671 villa
462 3628 524 3690 que
544 3607 673 3671 Piltona
687 3605 816 3686 dicitur,
831 3614 870 3670 ut
887 3605 1005 3671 habeat
1024 3607 1081 3671 ubi
1099 3603 1270 3675 adveniens

165 3709 355 3792 hospitetur,
371 3709 422 3775 vel
440 3709 515 3773 inde
529 3708 660 3773 veniens
679 3729 747 3772 sese
764 3709 907 3792 recipiat.
952 3709 1068 3792 Neque
1088 3710 1175 3775 enim
1194 3733 1269 3776 eum

162 3811 220 3890 ibi,
236 3811 300 3876 nisi
313 3811 546 3896 inportunitate
560 3811 715 3895 tenporis
730 3819 786 3875 aut
800 3811 947 3876 molestia
963 3813 1105 3896 corporis
1119 3813 1268 3878 detentus

162 3912 273 3992 fuerit,
285 3919 341 3978 aut
352 3914 393 3979 ab
404 3913 519 3979 abbate
528 3914 577 3978 111
592 3935 611 3978 1
625 3913 778 3978 fratribus
792 3921 924 3997 rogatus
937 3913 1046 3994 fuerit,
1055 3936 1116 3980 nec
1130 3917 1267 4000 amplius

163 4037 263 4098 quam
289 4037 364 4080 oum
382 4015 487 4080 tribus
507 4025 564 4082 aut
585 4037 660 4080 cum
676 4025 816 4100 quatuor
834 4016 956 4081 clericis
974 4025 1161 4101 pernoctare
1180 4019 1265 4083 licet.

163 4117 239 4182 Hoc
262 4118 359 4182 etiam
378 4118 543 4202 provideat
565 4118 650 4183 idem
668 4118 844 4202 episcopus,
867 4126 905 4182 ut
922 4120 1058 4203 singulis
1080 4120 1172 4183 annis
1190 4141 1264 4184 cum

160 4219 285 4284 clericis
299 4220 366 4284 suis
380 4219 436 4304 qui
452 4221 667 4285 Fontanetum
684 4227 770 4299 sunt,
785 4221 889 4304 ipsam
903 4230 1041 4285 matrem
1054 4243 1158 4300 suam,
1171 4223 1263 4288 Glae-

157 4324 340 4388 toniensem
353 4323 499 4389 videlieet
513 4324 689 4402 ecclesiam,
701 4324 778 4388 feria
793 4324 934 4389 secunda
947 4332 1019 4407 post
1030 4325 1264 4391 Ascencionem

158 4425 304 4506 Domini,
317 4447 391 4490 cum
405 4427 525 4491 letania
539 4434 752 4506 recognoscat.
800 4427 897 4493 Quod
912 4427 949 4504 si,
959 4425 1107 4509 superbia
1119 4426 1260 4509 inflatus,

148 4515 163 4536 ³
1030 4550 1048 4592 c
1064 4533 1084 4594 2
