3234 5125
478 412 797 483 MISGELLANEOUS
816 426 1029 486 onasum.
1252 434 1304 487 art

199 596 268 679 ipse
285 596 442 662 Eadricus
459 598 580 683 absque
597 600 877 667 commendatione
890 604 941 667 rel
955 599 1182 670 distributione
1196 626 1305 669 rerum

201 718 342 779 mamm,
369 708 448 766 tnnc
471 702 590 767 iterum
613 704 761 788 AElfegus
786 704 911 789 accepit
932 707 1080 791 praestita
1102 727 1161 771 sna
1185 708 1305 773 omnia.

204 802 355 868 Habebat
379 804 477 869 etiam
495 806 564 889 ipse
582 803 739 896 Eadricns
758 828 902 887 uxorem,
922 816 955 873 at
974 826 1042 873 non
1058 808 1186 874 liberos.
1232 809 1306 873 Hac

201 905 241 969 de
270 926 366 970 causa
395 908 553 972 concessit
582 908 729 992 AElfegus
759 910 808 973 illi
837 908 943 975 viduae
972 910 1094 975 donum
1124 912 1209 975 dotis
1238 928 1305 975 suas

200 1017 330 1074 tantum
358 1010 444 1093 quod
475 1010 506 1074 ei
538 1010 669 1075 dederat
702 1009 870 1090 Eadricus,
900 1012 1029 1095 quando
1060 1034 1130 1077 eam
1163 1014 1304 1097 primum

200 1112 322 1196 accepit
351 1134 483 1177 uxorem
513 1114 547 1178 in
568 1112 683 1179 Craris.
728 1113 773 1179 Et
795 1123 875 1179 tnnc
900 1116 1056 1181 remansit
1081 1110 1245 1182 Litelbroc
1270 1126 1305 1181 et

201 1214 385 1280 Uuldeham
410 1216 444 1279 in
467 1217 614 1300 praestito
636 1238 705 1281 suo.
750 1218 877 1297 Postea,
902 1218 1031 1301 quando
1056 1219 1087 1283 ei
1109 1220 1214 1283 visam
1236 1216 1303 1302 pla-

198 1319 300 1382 citum
321 1318 393 1397 init,
421 1320 543 1404 accepit
571 1321 698 1385 firmam
724 1340 816 1384 snam
839 1322 875 1383 in
901 1322 1096 1402 Uuideham,
1111 1330 1145 1387 et
1173 1323 1209 1385 in
1234 1319 1305 1386 aliis

198 1421 326 1486 volebat
345 1422 493 1487 similiter
507 1423 629 1501 facere,
653 1424 709 1488 sed
727 1424 845 1487 iterum
865 1424 1046 1488 infirmatus
1065 1432 1126 1489 est.
1170 1424 1305 1508 etquis

198 1524 380 1587 infirmatus
405 1524 505 1603 valde,
528 1526 618 1589 misit
640 1526 715 1589 ilico
737 1525 777 1588 ad
799 1526 1072 1610 archiepiscopum
1095 1528 1304 1591 Dunstanum

199 1635 236 1690 nt
256 1628 379 1692 veniret
397 1627 437 1690 ad
455 1650 539 1707 eum,
559 1637 592 1692 et
614 1628 742 1693 locutus
760 1636 809 1691 est
829 1628 859 1692 ei
877 1628 912 1691 in
931 1629 1003 1693 loc'o
1023 1629 1080 1693 illo
1100 1630 1155 1712 qui
1173 1636 1305 1693 vocatur

201 1729 315 1794 Scelfa.
361 1730 413 1793 Ibi
439 1750 546 1795 coram
573 1732 813 1815 archiepiscopo
833 1730 911 1795 fecit
933 1731 1079 1815 AElsegus
1101 1730 1305 1795 commenda·

200 1833 321 1897 tionem
345 1832 411 1897 sive
431 1834 692 1898 distributionem
711 1833 858 1898 omnium
879 1854 988 1897 rernm
1009 1856 1150 1913 suarum,
1172 1842 1206 1898 et
1227 1855 1303 1898 con·

200 1935 306 1999 stituit
329 1958 426 2000 unam
450 1945 574 2020 partem
596 1936 736 2001 ecclesiae
755 1936 879 2001 Christi
901 1936 1096 2017 cantuarien,
1117 1947 1151 2002 et
1171 1938 1304 2001 alteram

200 2047 324 2121 partem
339 2039 480 2104 ecclesiae
497 2040 607 2103 Sancti
623 2038 772 2117 Andrese,
785 2048 819 2103 et
833 2040 966 2103 terciam
980 2048 1105 2124 partem
1119 2040 1212 2105 uxori
1226 2062 1303 2104 suae.

197 2144 317 2207 Postea
339 2140 403 2207 fuit
425 2142 557 2227 quidam
587 2142 763 2221 Ιιοοΐιιιιιιι,
791 2142 848 2226 qui
871 2164 1005 2208 uxorem
1027 2143 1158 2209 Eadrici
1178 2145 1306 2229 nepotis

201 2246 320 2332 AElfegi
340 2248 486 2311 relictam
508 2246 630 2331 accepit
651 2245 712 2310 sibi
732 2246 767 2309 in
788 2267 942 2325 uxorem3
964 2255 998 2310 et
1015 2268 1072 2330 per
1088 2247 1191 2330 ipsam
1208 2248 1305 2311 muli·

200 2370 286 2415 erem
315 2350 436 2435 incepit
465 2350 611 2433 baegere
640 2349 889 2413 constitutiones
917 2349 1049 2431 AElfcgi,
1079 2371 1159 2433 quas
1186 2349 1305 2415 fecerat

201 2476 308 2519 coram
331 2452 580 2537 archiepiscopo,
601 2461 635 2516 et
654 2452 837 2535 vituperare
857 2451 1140 2536 archiepiscopum,
1161 2460 1194 2516 et
1215 2453 1305 2516 testi-

201 2561 346 2623 monium
376 2559 445 2643 ejus
475 2556 604 2621 irritum
633 2555 747 2620 facere.
801 2553 957 2632 Tandem,
987 2554 1091 2620 multa
1120 2554 1305 2619 stimulatus

199 2662 360 2746 cupidine,
369 2681 444 2726 cum
459 2659 515 2724 iila
529 2661 665 2724 muliere
681 2679 750 2736 sua,
765 2657 859 2740 quasi
873 2656 1012 2740 quadam
1027 2656 1201 2720 securitate
1216 2657 1305 2721 illius

199 2764 308 2828 uxoris
333 2785 399 2828 snae
419 2762 581 2840 inductus,
602 2759 735 2823 intravit
754 2758 788 2822 in
806 2766 911 2822 terras
927 2757 1009 2836 illas,
1033 2757 1152 2842 absque
1170 2757 1306 2822 oonsilio

199 2875 233 2931 et
250 2866 373 2951 judicio
388 2865 570 2949 sapientum
584 2864 736 2927 virorum.
783 2861 881 2928 Quod
894 2861 952 2925 ubi
970 2861 1226 2944 archiepiscopus
1249 2881 1306 2925 au·

199 2968 289 3048 divit,
308 2969 377 3033 sine
395 2968 484 3033 omni
502 2989 592 3031 mora
612 2964 740 3029 induxit
758 2964 868 3028 statim
887 2964 1082 3028 calumniam
1098 2963 1304 3048 proprietatis

199 3073 234 3135 in
257 3093 387 3137 omnem
401 3070 662 3135 distributionem
677 3068 808 3150 AElfegi‚
833 3066 886 3130 cni
905 3066 1043 3149 ipsemet
1062 3065 1164 3144 affuit,
1180 3073 1215 3130 et
1232 3087 1305 3151 quea

199 3195 256 3259 per
270 3196 344 3238 eum
359 3173 444 3238 facta
460 3173 576 3237 brerat.
621 3171 718 3236 Diem
733 3191 811 3254 ergo
825 3169 936 3254 placiti
953 3168 1051 3251 hujus
1069 3169 1118 3233 rei
1134 3169 1307 3234 constitnit

199 3277 455 3361 archiepiscopus
481 3275 565 3359 apud
595 3273 786 3350 Erhetham,
817 3293 875 3355 per
903 3271 1128 3335 testimonium
1152 3271 1307 3336 AElfstani

199 3380 340 3464 episcopi
370 3377 560 3456 Lundoniae,
590 3384 624 3441 et
653 3375 807 3439 AElfstani
839 3374 981 3457 episcopi
1011 3373 1241 3452 Hrofecestroe,
1272 3381 1305 3438 et

199 3484 299 3548 totius
329 3490 506 3548 conventus
539 3467 682 3544 ecclesia
711 3478 837 3542 Christi
866 3476 1062 3554 Cantuarioe,
1092 3485 1127 3540 et
1158 3478 1306 3542 omnium

200 3585 405 3652 orientalium
429 3593 463 3650 et
480 3581 729 3649 occidentalium
747 3580 885 3658 Cantioe,
907 3587 941 3643 et
959 3579 1092 3642 Wulfsii
1114 3580 1305 3664 presbyteri,

201 3692 257 3775 qui
274 3700 353 3754 tunc
370 3696 502 3753 vocatus
520 3689 668 3764 admo,
687 3684 720 3748 id
738 3692 798 3762 est,
815 3682 918 3766 judex
940 3682 1124 3761 comitatus,
1143 3691 1177 3747 et
1194 3683 1306 3747 Briht-

198 3795 310 3858 uualdi
339 3793 379 3857 de
408 3789 648 3857 Maeremirtha.
700 3787 753 3852 Ad
782 3786 935 3850 ultimum
965 3784 1012 3848 ita
1040 3785 1242 3848 notificatum
1271 3786 1306 3848 in

201 3897 391 3976 Suthseexa,
416 3903 450 3960 et
473 3895 508 3958 in
525 3895 724 3970 Westseaxa,
744 3891 829 3954 etin
848 3888 1080 3965 Middeiscaxa,
1101 3895 1135 3950 et
1157 3887 1192 3951 in
1209 3889 1305 3951 Ecst-

200 4021 304 4078 seaxa,
334 3998 421 4082 quod
451 3994 706 4079 archiepiscopus
742 3993 944 4070 Dnnstanus,
974 4011 1050 4054 cum
1083 3989 1174 4052 libris
1204 3989 1304 4053 eccle-

200 4101 320 4166 siastici
345 4101 441 4185 juris,
470 4107 504 4163 et
534 4097 626 4182 signo
655 4095 760 4161 crucis
784 4093 919 4172 Christi,
944 4113 1041 4176 qnam
1064 4091 1131 4154 suia
1155 4091 1304 4156 manibus

199 4206 340 4284 tenebat,
372 4205 423 4269 sui
452 4203 551 4268 solius
577 4201 774 4285 juramento,
800 4184 968 4281 adquisivit
993 4202 1149 4258 aeternam
1178 4193 1304 4259 heredi-

199 4317 300 4374 tatem
328 4310 398 4374 Deo
422 4315 455 4371 ct
481 4307 601 4370 Sancto
625 4302 765 4369 Andreae
788 4299 935 4383 apostolo
958 4314 1070 4361 omnes
1094 4303 1197 4360 terras
1220 4297 1303 4378 illas,

199 4431 278 4495 quas
309 4411 475 4476 Leofsnnu
504 4409 566 4471 sibi
595 4405 781 4488 usurpabat.
836 4403 951 4485 Ipsum
980 4420 1056 4462 vero
1082 4400 1304 4564 ju2ramentum

1076 4521 1095 4562 r
