3234 5125
500 421 821 479 lllSOELLANEOUS
841 425 1057 483 CHARTERS.
1284 436 1336 490 lut

223 591 392 672 libertatis,
408 613 483 657 eum
504 583 690 659 testimonio
709 594 905 661 obtimatum
926 601 1032 683 gentis
1053 603 1261 683 Mereiorum,
1277 606 1331 670 de·

223 695 340 758 derunt
375 695 567 762 Berhtuulfo
600 698 674 781 regi
698 699 898 764 Mereiorum
933 723 1060 780 eam.
1091 727 1260 770 manetnaa
1295 709 1331 771 in

223 819 301 862 auro
315 820 405 882 puro,
421 807 454 863 et
468 807 588 864 terram
603 821 655 866 xv.
671 804 873 866 manentium
887 805 923 867 in
938 805 1063 870 duobus
1078 807 1167 886 loeis,
1179 817 1222 872 at
1234 811 1329 874 Stan-

223 901 293 984 lege
308 910 341 967 et
355 911 398 967 set
412 903 626 983 Bellaniorde,
642 911 680 968 ut
695 903 758 967 ista
772 905 934 971 libertatis
951 909 1059 991 gratia
1072 931 1147 974 oum
1163 911 1226 974 Dei
1239 913 1329 976 testi-

222 1005 342 1083 monio,
354 1013 388 1068 et
402 1007 547 1071 omnium
565 1015 748 1072 sanctorum
767 1009 801 1071 in
824 1009 917 1088 eoelo,
933 1017 967 1074 et
983 1032 1094 1076 eorum
1109 1013 1277 1078 hominum
1292 1016 1328 1078 iu

222 1111 308 1172 terra
322 1109 378 1192 qui
392 1109 456 1174 Dei
474 1118 633 1194 praecepta
654 1111 852 1190 custodiunt,
868 1121 902 1176 et
921 1114 1126 1178 tremendum
1140 1116 1226 1180 diem
1239 1116 1326 1201 judi-

221 1210 262 1273 eii
291 1218 452 1291 metuunt,
476 1221 509 1276 et
538 1213 693 1278 honorem
722 1222 833 1278 sancte
862 1215 968 1280 erucis
992 1217 1113 1282 Christi
1143 1219 1264 1298 oolunt,
1289 1242 1326 1285 ao

220 1313 349 1376 illorum
371 1313 573 1398 baptismatis
587 1315 708 1380 donum
727 1317 864 1382 firmiter
883 1320 1130 1404 perenniterque
1149 1321 1323 1401 firmatum,

220 1416 310 1482 nullo
332 1417 462 1482 homine
483 1417 705 1499 interdicente,
726 1419 782 1484 sed
805 1420 876 1484 Deo
895 1419 1024 1486 favente
1043 1443 1080 1487 ae
1102 1424 1224 1507 angelis
1244 1426 1324 1510 ejus,

220 1519 343 1586 stabilis
372 1529 568 1605 permaneat,
592 1521 718 1586 tamdiu
746 1522 825 1586 fides
850 1523 1038 1588 Christiana
1061 1547 1099 1590 ae
1127 1527 1323 1612 baptismum

220 1622 341 1687 Christi
363 1622 447 1708 apud
468 1624 649 1708 Anglorum
668 1632 800 1708 gentem
821 1625 858 1688 in
875 1626 1061 1690 Brittannia
1081 1637 1220 1694 maneat.
1266 1630 1323 1694 ln·

218 1741 312 1808 super
326 1727 425 1791 etiam
439 1747 499 1811 ego
515 1725 701 1792 Humherht
711 1728 861 1812 prinecps
875 1725 1060 1812 optineham
1075 1751 1094 1793 a
1108 1731 1239 1796 domino
1250 1754 1323 1797 meo

219 1829 412 1895 Berhtuulfo
437 1831 506 1914 regi
531 1831 740 1911 Marciorum,
765 1853 841 1896 eum
862 1853 1020 1897 consensu
1042 1835 1245 1918 optimatum,
1265 1837 1323 1901 illo

219 1931 326 1996 abbati
346 1933 539 1998 Eanmundo
559 1941 592 1998 et
613 1934 744 1999 familiae
765 1934 853 1999 illins
870 1930 1061 2020 supradictae
1078 1959 1121 2002 on
1139 1939 1321 2018 Breodune,

217 2034 299 2100 hano
320 2036 478 2102 libertatis
500 2037 639 2121 gratiam
659 2058 718 2121 pro
739 2059 852 2102 eorum
873 2039 1046 2103 venerabili
1067 2041 1212 2123 pecunia,
1236 2041 1320 2126 quod

216 2138 295 2202 mihi
314 2138 543 2224 impendebant
566 2139 602 2203 in
620 2160 687 2203 uno
701 2161 778 2204 vaso
797 2141 947 2223 praetioso
964 2142 1135 2225 potatorio‚
1154 2144 1240 2226 quod
1257 2145 1320 2210 fuit

216 2241 255 2306 de
273 2243 381 2309 nobile
403 2265 518 2328 genere
540 2243 749 2328 pulchraliter
769 2243 903 2323 factum,
919 2253 953 2309 et
974 2267 1013 2310 ex
1035 2253 1126 2329 parte
1148 2267 1223 2311 eum
1241 2269 1319 2312 auro

216 2354 375 2412 ornatum.
428 2348 501 2432 Hoc
525 2355 574 2412 est
599 2355 637 2411 ut
662 2347 704 2411 sit
725 2347 806 2412 illud
828 2349 1061 2414 monasterium
1083 2372 1127 2414 on
1148 2351 1320 2418 Breodune

214 2448 385 2513 liberatum
409 2458 442 2514 et
462 2450 645 2514 ahsolutum
663 2450 703 2514 ab
725 2451 875 2515 omnibus
898 2452 1012 2529 causis,
1035 2454 1160 2535 magnis
1180 2454 1230 2518 vel
1249 2477 1318 2520 mo·

214 2551 302 2632 dieis,
319 2553 404 2617 uotis
422 2575 459 2618 ae
477 2552 607 2638 ignotis,
624 2575 696 2637 quae
716 2553 797 2618 mihi
819 2562 875 2617 aut
893 2554 1091 2639 principibus
1105 2557 1319 2622 'l'onsetorum

215 2677 357 2740 unquam
369 2665 443 2725 ante
453 2678 491 2721 ea
500 2656 705 2742 pertinebant
714 2678 752 2721 ex
764 2657 821 2721 illo
830 2659 1035 2735 monasterie,
1047 2659 1171 2722 tamdiu
1181 2660 1318 2725 voluerit

212 2762 301 2825 Deus
315 2768 352 2825 ut
365 2759 519 2844 baptismi
534 2761 637 2845 gratia
652 2768 688 2824 et
708 2766 795 2825 reeta
810 2760 889 2824 fides
904 2781 979 2823 eum
994 2760 1123 2843 regibus
1143 2782 1180 2825 ae
1198 2761 1317 2845 prinei-

212 2864 301 2947 pibus
316 2862 509 2928 Christianis
527 2863 563 2927 in
580 2864 700 2947 populo
715 2862 803 2927 iideli
818 2863 954 2926 firmiter
972 2862 1172 2945 fideliterque
1192 2886 1316 2947 perma-

210 2976 284 3030 neat
303 2967 338 3031 iu
355 2989 468 3032 aevum.
514 2968 559 3031 Et
579 2974 616 3031 ut
636 2966 792 3030 memoria
809 2967 895 3049 regis
914 2966 1129 3044 Beorhtuulii,
1150 2988 1187 3030 ao
1209 2967 1315 3030 Hum-

211 3070 316 3134 berhti
331 3070 494 3155 principis,
509 3078 542 3134 et
557 3051 707 3134 omnium'
725 3068 920 3153 optimatum
935 3069 1041 3152 gentis
1056 3068 1264 3149 Mereiorum,
1280 3070 1314 3133 in

210 3193 320 3236 eorum
345 3174 443 3237 saeris
460 3172 670 3250 orationihus,
688 3171 803 3236 diebus
824 3194 861 3236 ae
881 3172 1041 3250 noctibus,
1060 3182 1265 3252 memoretur,
1282 3182 1315 3237 et

209 3275 317 3339 nullus
334 3276 431 3340 homo
451 3276 587 3359 alicujus
601 3276 755 3359 personis,
773 3296 830 3338 rex
851 3284 909 3339 aut
927 3275 1083 3360 princeps,
1103 3275 1229 3359 magnis
1249 3276 1315 3341 sive

208 3378 350 3458 modieis,
360 3379 396 3442 in
406 3380 513 3461 aliquo
524 3386 678 3462 ternpore,
690 3377 847 3442 diabolica
854 3385 1013 3462 potestate
1024 3378 1136 3457 fretus,
1148 3401 1205 3463 per
1214 3381 1313 3444 tiran-

208 3480 313 3549 nicam
335 3480 565 3566 phylargiriam
583 3480 634 3544 vel
652 3481 924 3563 gastrimargiam,
942 3481 1026 3544 hanc
1048 3490 1192 3544 nostram
1210 3490 1312 3546 statu·

206 3585 328 3647 tionem
344 3584 485 3667 fringere
506 3590 680 3667 praesumat
688 3610 698 3662 ;
722 3583 777 3647 sed
800 3604 926 3666 semper
940 3583 1065 3646 stabilia
1082 3591 1117 3646 et
1136 3583 1315 3648 indiscussa

205 3687 273 3751 haee
282 3687 413 3751 donatio
428 3694 633 3751 conservetur
643 3686 889 3769 inperpetuum
912 3694 946 3749 et
961 3694 998 3750 ut
1013 3686 1129 3750 merita
1143 3708 1179 3751 ae
1194 3688 1311 3752 elemo·
1425 3726 1429 3733 -

205 3789 283 3853 sinae
305 3798 423 3853 nostrae
443 3797 518 3853 ante
540 3790 647 3853 Deum
669 3788 850 3866 florescant,
867 3810 904 3853 ae
926 3790 1059 3853 nomina
1080 3796 1191 3854 nostra
1205 3812 1312 3854 eoram

205 3892 321 3957 throno
340 3892 472 3956 Domini
492 3891 672 3955 scribantur
691 3892 726 3954 iu
746 3891 831 3955 libro
850 3892 1037 3955 viventium.
1068 3894 1184 3956 Amen.
1232 3894 1312 3957 Haeo

204 3996 332 4073 spedule
349 3996 468 4079 scripta
483 4002 531 4059 eat
546 4016 631 4059 auno
646 3994 818 4058 Dominiee
836 3994 1070 4058 incarnationis
1085 4014 1310 4072 neccarum„

204 4100 384 4163 Indictioue
398 4120 473 4163 vero
487 4119 546 4178 x1.,
561 4098 596 4161 in
611 4096 785 4161 venerabili
799 4096 995 4161 monasterio
1009 4097 1149 4179 primum
1165 4103 1208 4159 aet
1225 4098 1311 4180 Hry·

201 4202 337 4285 padune,
357 4209 391 4266 et
415 4202 534 4265 iterum
554 4201 707 4265 karaxata
730 4208 826 4283 atque
846 4202 1040 4263 confirmata
1064 4198 1127 4262 suit
1150 4218 1224 4262 eum
1248 4201 1310 4263 iata

202 4305 386 4369 testimonia
400 4326 537 4387 quorum
550 4304 661 4368 subter
676 4303 807 4367 nomina
822 4310 934 4367 notata
948 4310 1036 4365 suut.

245 4410 315 4492 Ego
339 4407 521 4485 Berhtuuli,
539 4406 678 4471 Domino
701 4407 890 4496 disponente
912 4427 969 4469 rex
989 4404 1199 4480 Mereiorum,
1223 4404 1307 4469 hanc
