3234 5125
324 431 359 482 68
600 431 920 488 MISCELLANEOUS
938 435 1151 490 CHARTERS.

325 598 484 685 episcopo,
500 612 533 667 et
551 603 593 666 ab
612 604 702 668 omni
719 612 831 669 sancta
849 604 963 670 sinodo
980 606 1037 670 illa
1057 606 1290 686 consentiente,
1305 615 1344 672 ut
1361 609 1428 693 cpi-

326 724 440 787 scopus
455 705 510 788 qui
525 707 756 771 monasterium
773 715 806 772 et
827 709 968 792 agellum
990 730 1064 772 cum
1077 709 1173 793 ,hbes
1192 709 1336 790 haberet,
1352 732 1427 775 cunr

322 805 507 890 juramento
527 809 589 873 Dei
609 831 782 889 servorum,
798 810 1057 894 presbiterorum,
1073 811 1291 893 diaconorum,
1307 823 1341 878 et
1355 814 1426 898 plu-

325 907 480 972 rimorum
495 911 735 990 monachorum,
748 912 808 975 sibi
825 912 862 974 in
879 913 1041 997 propriam
1053 914 1285 997 possessionem
1307 925 1426 980 terram

324 1010 414 1074 illam
429 1032 503 1075 curn
518 1012 719 1097 adjuratione
734 1014 921 1098 adjurasset.
959 1016 1003 1079 Et
1017 1015 1064 1079 ita
1078 1017 1172 1080 finita
1181 1025 1231 1081 eat
1242 1019 1427 1102 praescripta

323 1113 380 1176 illa
401 1115 565 1179 contentio
586 1137 693 1180 coram
716 1117 882 1200 episcopo:
912 1125 985 1201 post
1008 1139 1080 1181 xxx.
1104 1127 1215 1183 noctes
1236 1119 1317 1183 illud
1335 1121 1425 1204 jura-

241 1229 255 1242 ·
324 1223 471 1280 mentum
485 1224 521 1281 to
535 1219 772 1304 Westmynstre
788 1219 962 1283 deductum
977 1230 1036 1284 est.
1082 1221 1296 1305 Quapropter,
1312 1223 1427 1306 siquis

323 1318 410 1384 bunc
425 1341 539 1404 agrum
553 1321 595 1385 ab
608 1322 663 1385 illa
677 1322 811 1386 ecclesia
823 1323 859 1384 in
874 1324 1006 1386 Ceastre
1019 1322 1138 1387 nititur
1152 1324 1297 1403 evellere,
1312 1333 1425 1388 contra

324 1421 452 1486 decreta
466 1445 628 1488 sacrorum
643 1445 804 1488 canonum
819 1425 899 1489 sciat
910 1446 944 1488 se
955 1425 1069 1502 facere,
1082 1425 1158 1507 quia
1171 1427 1274 1489 sancti
1285 1448 1425 1491 canones

324 1524 511 1604 decernunt,
534 1526 685 1611 quicquid
708 1535 819 1591 sancta
844 1526 984 1612 synodus
1003 1528 1201 1606 universalis,
1219 1549 1294 1592 cnm
1314 1528 1423 1594 catho-

324 1627 386 1690 lico
401 1628 638 1713 archiepiscopo
655 1651 713 1694 suo
733 1629 975 1713 adjudicaverit,
992 1630 1084 1693 nullo
1102 1631 1199 1694 modo
1218 1631 1357 1696 fractum
1375 1632 1424 1696 vel

324 1729 453 1794 irritum
474 1752 542 1794 esse
562 1731 752 1796 faciendum.
800 1733 881 1797 Haec
901 1739 1010 1820 autem
1027 1741 1119 1815 gesta
1135 1740 1221 1796 sunt.
1268 1735 1327 1797 Hii
1346 1743 1424 1798 sunt

323 1837 422 1897 testes
443 1840 477 1897 et
501 1835 740 1899 confirmatores
761 1835 859 1919 hujus
875 1835 934 1914 rei,
953 1855 1089 1919 quorum
1111 1835 1244 1899 nomina
1265 1835 1318 1900 hic
1339 1836 1424 1900 infra

323 1943 488 2015 notantur,
503 1937 555 2000 die
570 1959 622 2001 111.
638 1937 702 2001 kal.
718 1937 920 2002 Novembris.

368 2041 407 2121 ›1‹
423 2040 494 2123 Ego
509 2039 674 2118 Bcornulf,
689 2061 743 2104 rex
758 2041 967 2119 Marciorum,
983 2040 1067 2105 hanc
1084 2041 1241 2104 cartulam
1259 2041 1423 2126 synodalis

323 2140 482 2206 decreti
458 2165 549 2226 arguo
564 2151 682 2207 sanctae
696 2143 800 2206 crucis
815 2142 935 2207 Christi
950 2143 1145 2206 confirmavi.

366 2245 405 2326 ›1‹
422 2247 493 2328 Ego
504 2245 653 2308 Wulfred
667 2245 921 2361 archiepiscopus
934 2245 1018 2309 hanc
1033 2245 1218 2331 synodalem
1229 2201 1423 2311 sententiam

320 2367 394 2410 cum
416 2349 509 2431 signo
528 2348 672 2463 gloriosae
695 2349 798 2412 crucis
816 2348 1026 2412 corroboravi.
1081 2352 1121 2430 ›1‹
1137 2349 1208 2431 Ego
1224 2349 1423 2413 Oethelwald

320 2450 487 2534 episeopus
496 2451 652 2516 consensi.
679 2452 718 2533 ›1‹
731 2450 916 2514 Hraetbhun
927 2451 1092 2534 episcopus
1103 2451 1258 2515 consensi.
1285 2455 1325 2533 ›1‹
1336 2451 1419 2516 Ead-

320 2552 400 2617 wulf
418 2554 584 2638 episcopus
607 2553 763 2618 consensi.
821 2553 1048 2636 ›1⁴Heaberht
1073 2553 1239 2638 episcopus
1263 2555 1420 2620 consensi.

321 2656 360 2741 ᾧ
377 2657 511 2721 Beonna
528 2658 694 2741 episcopus
713 2657 871 2721 consensi.
918 2658 1045 2740 ›1‹Ego
1059 2657 1239 2741 Wigthegn
1254 2658 1420 2741 episcopus

318 2758 475 2823 consensi.
539 2760 667 2845 &Ego
693 2759 848 2823 Cioberht
877 2760 1044 2843 episcopus
1070 2760 1227 2824 consensi.
1291 2764 1331 2842 ›1‹
1347 2762 1420 2843 Ego

317 2862 498 2926 Wermund
524 2862 691 2946 episcopus
716 2862 872 2926 consensi.
942 2864 981 2944 *1⁴
997 2864 1068 2945 Ego
1094 2862 1224 2946 Cynred
1253 2862 1420 2946 episcopus

317 2964 475 3029 consensi.
530 2968 570 3050 ›1‹
586 2966 658 3047 Ego
685 2964 861 3028 Hunberht
887 2964 1054 3048 episcopus
1078 2966 1233 3030 consensi.
1292 2968 1331 3048 ιιι
1347 2965 1419 3048 Ego

317 3066 490 3130 Eanmund
514 3066 611 3129 abbas
630 3067 786 3130 consensi.
834 3070 874 3148 ›1‹
890 3068 962 3149 Ego
977 3066 1131 3131 Cubwulf
1144 3067 1242 3131 abbas
1260 3068 1417 3131 consensi.

319 3171 359 3249 ›1‹
375 3170 446 3252 Ego
469 3168 620 3232 Wihtred
646 3167 744 3233 abbas
767 3169 923 3233 consensi.
985 3173 1025 3251 ›1‹
1040 3171 1112 3253 Ego
1134 3170 1290 3235 Wilfcrtb
1320 3170 1419 3234 abhas

316 3270 471 3334 consensi.
518 3274 558 3352 ›1‹
573 3272 646 3353 Ego
657 3270 907 3335 Beornothdux.
952 3275 992 3353 ›1‹
1011 3272 1144 3355 Sigered
1155 3271 1229 3336 dur.
1276 3276 1316 3354 ›1‹
1332 3272 1417 3336 Ead-

316 3372 397 3436 wulf
418 3372 493 3435 dux.
550 3376 590 3454 ›1‹
604 3372 716 3436 Mucel
736 3372 811 3437 dux.
866 3373 1147 3455 ›1⁴11udecadux.
1196 3374 1418 3458 ›11Eadberht

316 3474 391 3537 dux.
431 3477 471 3555 ›1‹
486 3474 651 3559 Ecgberht
666 3473 740 3538 dux.
783 3478 823 3558 ᾧ
839 3476 1005 3540 Alhheard
1019 3477 1094 3542 dux.
1142 3480 1181 3560 *1⁴
1198 3477 1327 3542 Uhtred
1342 3478 1416 3541 dur.

317 3580 357 3658 ›1‹
374 3578 500 3661 Bynna,
516 3576 615 3640 frater
632 3577 726 3660 regis.
787 3581 827 3659 ›1‹
845 3578 920 3642 Piot
938 3580 1106 3662 presbiter.
1163 3583 1203 3661 ›1‹
1220 3580 1416 3665 cyneberht.

316 3683 357 3762 ›1‹
373 3678 539 3743 Nobhelm
568 3700 672 3763 praeco
702 3702 721 3743 a
751 3679 870 3745 domno
899 3681 1047 3764 Eugenio
1075 3703 1166 3765 papa.
1268 3682 1415 3763 ›1‹Bola

316 3785 356 3863 ›1‹
372 3780 492 3845 Aidred
519 3781 728 3846 theloniarius
754 3782 912 3846 consensi.
969 3786 1009 3864 ›1‹
1025 3782 1201 3866 Wigbelm.
1255 3783 1417 3865 ›14Bead-

314 3883 422 3948 heard.
469 3888 509 3966 ›1‹
524 3884 671 3948 Eadbald
686 3884 843 3949 consensi.

357 3990 397 4068 ›1‹
414 3986 473 4050 AEt
492 3991 566 4075 pam
589 3986 649 4049 abe
671 4008 745 4050 waes
766 3994 808 4050 set
830 3988 1068 4072 Westmynstre
1088 3988 1160 4053 efen
1183 3988 1269 4072 iiftig
1290 4010 1419 4054 maesse·

311 4096 452 4173 preosta·
477 4107 496 4169 Ἰ
522 4110 551 4152 x.
572 4088 734 4153 diaconas·
757 4109 776 4171 Ἰ
797 4089 884 4153 cah-a
906 4090 987 4153 οὔτε
1009 4098 1138 4174 preosta
1154 4091 1252 4174 sixtig
1273 4111 1292 4173 Ἰ
1313 4090 1419 4154 hund·

311 4192 447 4275 teontig.
485 4190 574 4274 [Hoc
589 4199 648 4255 est.
679 4189 796 4255 Eidem
802 4191 988 4274 juramento
997 4192 1081 4276 apud
1091 4193 1417 4257 Westmonasterium

310 4294 446 4385 prestito
469 4292 602 4357 aderant
626 4292 860 4377 quinquaginta
882 4294 1018 4358 sacrifici
1041 4302 1075 4359 et
1103 4316 1134 4359 x.
1158 4296 1295 4373 diaconi,
1322 4304 1417 4358 etex

311 4393 460 4465 amnibus
474 4394 546 4459 aliis
560 4394 764 4480 presbyteris,
777 4403 908 4461 centnm
924 4405 957 4460 et
972 4397 1161 4480 sexaginta]
