3234 5125
493 430 815 487 fflSOELLANEOUS
834 430 1047 488 OHARTERS.
1270 434 1321 488 183

433 601 510 665 And
523 622 580 687 my
594 602 680 667 scale
693 602 774 667 hare
788 603 806 666 I
822 610 888 667 sett
902 604 1002 689 berto,

432 704 484 769 for
497 705 516 768 I
531 704 597 769 svill
610 713 646 769 at
659 726 703 769 na
716 726 793 769 man
806 706 834 769 it
849 704 946 770 undo.

340 1188 465 1245 sumu
483 1163 732 1245 masnila
769 1188 853 1245 nno.
866 1190 936 1243 aar
954 1134 1226 1247 nocco.xxxv.‘

260 1336 404 1402 Fortuna
429 1337 570 1403 fallentis
591 1337 701 1402 saeculi
726 1358 854 1421 procax,
872 1358 938 1403 non
962 1338 1065 1403 lacteo
1087 1338 1322 1405 inmarcessibi-

217 1438 299 1503 lium
320 1439 463 1504 liliorum
486 1439 623 1505 candore
647 1438 802 1518 amabilis,
819 1439 875 1503 sed
897 1439 1000 1505 fellita
1021 1440 1169 1524 ejulande
1191 1463 1320 1528 corrup-

218 1541 319 1605 cionis
334 1542 546 1608 amaritudine
560 1541 698 1621 odibilis,
713 1541 857 1607 foetentis
874 1542 957 1605 filios
971 1544 1006 1606 in
1021 1543 1103 1609 valle
1117 1544 1321 1609 lacrimarum

217 1644 322 1707 carnis
349 1643 484 1709 rictibus
510 1642 717 1709 debachando
739 1664 897 1708 venenose
927 1643 1120 1709 mordaciter
1149 1644 1321 1726 dilacerat3

218 1766 292 1829 quae
307 1747 452 1830 quamvis
474 1745 643 1811 arridendo
664 1746 706 1810 sit
720 1745 902 1810 infelicibus
922 1746 1142 1826 attrectabilis,
1157 1747 1324 1813 Acheron·

218 1848 275 1913 tici
288 1857 399 1913 tamen
416 1848 457 1913 ad
471 1870 546 1934 yma
560 1847 675 1927 Cociti,
691 1846 727 1912 ni
747 1855 837 1912 satius
855 1848 913 1911 alti
927 1848 1094 1913 subveniat
1110 1848 1247 1931 boantis,
1263 1851 1323 1915 im-

220 1950 378 2035 pudenter
392 1960 442 2017 est
453 1949 648 2015 decursibus.
689 1950 734 2014 Et
744 1948 817 2013 ideo
832 1949 907 2032 quia
921 1950 990 2033 ipsa
1003 1950 1134 2015 ruinosa
1147 1950 1325 2018 deficiendo

219 2053 327 2117 taliter
341 2054 503 2131 dilabitur,
523 2072 725 2136 summopere
750 2051 968 2117 festinandum
987 2059 1036 2116 est
1050 2053 1091 2118 ad
1106 2074 1219 2118 amena
1239 2055 1323 2120 indi·

219 2155 323 2221 cibilis
344 2156 450 2221 leticie
472 2178 557 2235 arva,
572 2155 629 2219 ubi
644 2154 789 2238 angelica
801 2155 963 2240 ymnidice
979 2155 1183 2240 jubilationis
1203 2179 1324 2241 organa

219 2256 435 2344 mellifluaque
449 2258 657 2324 remancium
677 2279 823 2323 rosarum
845 2259 1033 2325 odoramina
1053 2261 1182 2326 abonis
1204 2261 1321 2328 beatis·

219 2384 282 2446 que
302 2363 435 2427 naribus
459 2360 716 2427 inestimabiliter
741 2360 848 2425 dulcia
871 2362 1051 2446 capiuntur,
1078 2362 1210 2448 sineque
1237 2366 1323 2431 calce

221 2465 351 2529 auribus
365 2464 552 2549 cliviparum
566 2464 676 2528 suavia
690 2462 875 2528 audiuntur.
922 2466 1023 2549 Cujus
1038 2486 1147 2531 amore
1161 2465 1324 2533 felicitatis

219 2567 357 2648 illectus,
379 2568 549 2633 fastidiunt
567 2569 637 2652 jam
659 2565 773 2631 infima
798 2567 987 2632 dulcescunt
1012 2589 1149 2653 superna
1160 2596 1170 2649 3
1194 2571 1326 2656 ejusque

223 2691 279 2755 pro
292 2670 486 2756 percipiendi
506 2689 693 2754 semperque
713 2669 818 2754 specie
838 2668 1078 2754 concupiscibili
1099 2671 1236 2751 fruendi,
1253 2674 1325 2757 Ego

220 2773 440 2852 Athelstanus,
456 2794 512 2838 rex
523 2773 715 2856 Anglorum,
724 2789 782 2855 per
792 2771 1033 2855 Omnipotentis
1045 2770 1208 2837 dexteram
1222 2775 1326 2840 tocius

222 2877 389 2940 Britannie
413 2874 506 2960 regni
528 2875 609 2939 solio
628 2873 831 2952 sublimatus,
853 2873 1014 2957 quandam
1036 2874 1162 2938 telluris
1183 2877 1325 2959 particu-

220 2978 286 3042 lam
299 2979 472 3043 venerabili
489 2977 610 3043 familie
623 2975 854 3054 Maldubiensi,
870 2995 929 3061 pro
949 2975 1117 3040 animabus
1131 2979 1326 3060 patruelium

221 3103 377 3160 meorum,
400 3081 539 3145 filiorum
564 3078 760 3144 Athelwardi
786 3078 926 3158 clitonis,
952 3077 1100 3143 videlicet
1123 3079 1270 3164 Alwynis
1294 3089 1327 3146 et

220 3183 420 3264 Athelrrinis,
436 3183 495 3248 sub
510 3183 713 3248 estimatione
726 3203 758 3245 x.
774 3188 981 3260 cassatorum,
996 3180 1032 3244 in
1051 3181 1123 3246 loco
1137 3183 1192 3266 qui
1207 3183 1326 3248 dicitur

221 3288 376 3366 Wdetun,
392 3285 542 3352 servienti
562 3285 683 3349 familie
697 3284 768 3347 Deo
788 3291 822 3347 et
837 3285 957 3348 Sancto
977 3283 1074 3349 Petro
1089 3283 1326 3370 imperpetuum

220 3391 275 3475 jus
288 3392 424 3475 largitus
443 3412 516 3454 sum
526 3391 548 3453 ¹.
597 3390 669 3453 Hoc
690 3387 889 3471 precipiens,
908 3387 943 3450 in
962 3387 1093 3450 nomine
1108 3387 1181 3467 Dei,
1198 3396 1235 3452 ut
1254 3411 1328 3454 nos·

257 3562 267 3596 ¹
284 3556 343 3612 The
356 3575 424 3630 copy
434 3557 464 3610 in
475 3555 659 3627 Malmcabury
668 3553 759 3626 (Gale,
767 3551 882 3624 Scriptt.
893 3569 937 3606 xv.
952 3551 969 3606 i.
982 3570 1009 3624 p.
1018 3551 1085 3624 ³64)
1098 3552 1147 3607 has
1159 3553 1207 3609 the
1219 3554 1327 3610 follow·

223 3643 270 3715 ing
281 3644 393 3716 reading
402 3644 455 3698 and
463 3642 653 3715 interpolation
663 3637 756 3693 :-sub
765 3637 944 3692 estimatione
952 3653 991 3693 vr.
1000 3649 1165 3694 cassatomm
1174 3639 1203 3694 in
1211 3640 1271 3695 loco
1280 3641 1328 3712 qui

223 3730 323 3784 dicitur
334 3729 443 3799 Breoni‚
454 3734 482 3782 ot
493 3727 543 3782 sub
552 3725 732 3782 estimatione
744 3739 771 3777 v.
786 3729 950 3776 cassatorum
962 3723 991 3776 in
1002 3723 1062 3777 loco
1074 3723 1121 3796 qui
1134 3724 1233 3779 dicitru
1245 3725 1327 3779 Sum·

223 3815 358 3885 merford3
375 3815 444 3870 item
455 3830 482 3868 v.
496 3815 525 3868 in
539 3814 600 3868 looo
615 3812 663 3884 qui
675 3811 774 3866 dicitu
785 3809 902 3878 Nortun,
914 3809 981 3864 item
993 3825 1020 3864 v.
1036 3809 1065 3864 in
1081 3811 1141 3865 loco
1161 3811 1209 3882 qui
1228 3811 1329 3866 dicitur

224 3901 349 3955 Ewulm:
367 3901 420 3955 boc
439 3899 598 3973 precipiens
612 3903 645 3951 ut
664 3915 744 3951 nemo
762 3901 915 3950 nostrorum
932 3913 1115 3950 successorum
1133 3895 1185 3950 boo
1205 3901 1327 3951 nostrum

223 3989 332 4058 donum,
344 3987 475 4060 quamdiu
484 3983 674 4040 christianitas
685 3982 786 4054 vigeat,
797 3981 843 4035 vel
852 3999 886 4034 ex
895 3979 1008 4035 minimo
1019 3982 1212 4053 interrumpere
1224 3985 1328 4053 tentet3

224 4076 297 4147 quod
310 4075 333 4128 si
344 4074 406 4146 quis
416 4071 571 4139 tentaverit,
581 4071 665 4125 aDeo
677 4085 705 4123 se
718 4067 901 4121 damnandum
915 4065 944 4120 in
956 4073 1116 4139 perpetuum
1127 4067 1202 4122 sciat.
1234 4067 1329 4123 Sciant

224 4169 315 4216 autem
323 4161 457 4233 sapientes
465 4164 562 4212 nostroe
569 4155 685 4229 regionis
692 4171 741 4208 nos
748 4153 797 4206 bes
806 4153 932 4225 prefatas
939 4159 1022 4206 terras
1030 4170 1084 4207 non
1091 4151 1192 4224 injuste
1201 4154 1328 4226 rapuisse,

223 4249 397 4321 rapinamque
408 4247 467 4300 Deo
484 4245 598 4312 dedisse,
609 4243 657 4297 sed
674 4241 713 4294 sic
730 4257 775 4294 eas
792 4239 882 4311 accepi
900 4239 1127 4310 quemadmodum
1137 4238 1329 4310 judicaverumt

225 4352 318 4388 omnes
334 4335 478 4406 optimates
495 4331 571 4400 regni
583 4329 742 4400 Anglorum,
755 4324 866 4397 insuper
883 4330 912 4378 et
929 4323 1091 4396 apostolicus
1109 4341 1178 4397 papa
1195 4325 1327 4380 Romanae

225 4419 343 4474 ecclesia
356 4419 375 4474 J
376 4419 503 4487 ohannes,
510 4415 621 4472 Elfredo
634 4414 768 4480 defuncto,
777 4411 825 4482 qui
835 4415 933 4465 nostrie
946 4409 1084 4464 felicitatis
1097 4417 1125 4465 ct
1138 4411 1201 4466 vitas
1215 4411 1329 4466 remmus
