3234 5125
281 377 331 429 los
554 371 873 428 MISCELLANEOUS
892 368 1107 426 ClLlRTERS.

423 597 520 652 KING
539 595 792 651 AETHELUULF.
829 595 948 650 APRIL
965 595 1041 648 22nn
1059 587 1244 649 Deconlv.

328 749 368 827 ᾖ
381 746 573 828 Regnnante
581 743 807 828 inperpetuum
817 743 959 807 Domino
969 749 1080 806 nostro
1089 741 1110 803 J
1111 739 1157 804 hd
1164 739 1248 823 xpo,
1258 755 1385 799 summo

286 857 319 912 et
338 847 492 912 ineffabili
515 869 624 911 rerum
650 847 795 911 Creatori
825 868 862 911 ac
891 842 1090 909 Moderatori
1119 841 1276 917 omnium,
1301 845 1384 901 tem-

286 972 373 1035 pora,
389 951 444 1033 qni
462 972 520 1014 sua
539 949 728 1014 midtimoda
748 948 920 1032 disponens
938 946 1136 1031 temporibus
1153 943 1334 1029 potenciam
1348 948 1386 1003 ut

286 1055 433 1132 voluerit,
460 1054 558 1117 finem
587 1053 720 1136 inponet
748 1059 782 1116 et
812 1052 848 1115 in
880 1072 918 1114 ac
948 1051 1017 1114 vita
1043 1047 1232 1132 degentibus
1260 1043 1387 1109 cunctis

286 1165 410 1220 certum
426 1164 463 1219 nt
477 1163 684 1240 proposuerat
709 1155 834 1219 dierum
857 1154 1033 1219 terminum
1054 1153 1247 1228 constituet3
1270 1147 1390 1212 ideirco

263 1333 269 1344 ἱ
288 1259 413 1324 cunctis
437 1259 596 1342 agendum
619 1265 667 1322 est
690 1265 728 1321 ut
752 1280 771 1321 a
793 1257 887 1322 bonis
909 1257 1035 1321 actibus
1056 1256 1164 1319 future
1182 1250 1391 1318 beatitudinis

288 1361 475 1426 felicitatem
491 1361 721 1445 perpetualiter
741 1360 873 1445 adipisci
891 1369 1062 1424 mereatur.
1108 1361 1312 1441 Quapropter
1331 1374 1391 1437 ego

290 1464 446 1543 AEbelull,
462 1464 569 1546 gracia
581 1465 642 1528 Dci
654 1461 916 1528 Occiduntalium
928 1465 1093 1527 Saxonum
1104 1484 1171 1539 rex,
1182 1461 1217 1524 in
1228 1466 1340 1524 sancta
1355 1478 1392 1521 ac

292 1566 481 1631 celeberima
501 1566 646 1650 paschali
667 1566 880 1644 solemnitate,
896 1588 955 1650 pro
975 1587 1044 1630 mee
1066 1564 1209 1629 remedio
1229 1562 1337 1626 anime
1358 1569 1391 1623 et

290 1669 381 1752 regni
395 1669 607 1753 prosperitate
621 1677 654 1732 et
668 1671 777 1754 populi
792 1669 833 1734 ab
848 1670 1062 1754 omnipotenti
1077 1670 1148 1733 Deo
1162 1667 1300 1744 conlat0,
1316 1686 1391 1729 con·

292 1772 401 1835 silium
425 1770 551 1834 salubre
581 1793 654 1835 cum
680 1773 836 1856 episcopis
858 1772 1079 1838 committibus
1100 1779 1134 1835 et
1162 1770 1287 1834 cunctis
1308 1767 1391 1851 opti·

293 1873 443 1952 matibus,
455 1895 506 1938 me
516 1873 651 1957 perfecci
666 1883 704 1938 ut
714 1875 870 1939 decimam
881 1883 1006 1958 partem
1017 1883 1176 1938 terrarum
1186 1893 1243 1956 per
1256 1891 1392 1954 regnum

293 1996 359 2040 non
377 1976 482 2040 solnm
502 1977 620 2040 sanctis
640 1977 780 2041 ecclesiis
799 1977 918 2055 darem,
933 1999 1045 2041 verum
1064 1976 1167 2040 eciam
1186 1983 1219 2040 et
1236 1973 1392 2038 ministris

292 2079 411 2145 nostris
426 2080 461 2142 in
475 2079 588 2143 eodem
609 2080 795 2143 constitutis
812 2081 848 2143 in
865 2090 1053 2164 perpetuam
1070 2079 1251 2143 libertatem
1266 2097 1394 2141 conces·

294 2182 366 2246 siris
383 2183 430 2246 ita
446 2191 484 2245 ut
503 2182 562 2245 alis
582 2181 716 2246 donacio
731 2185 792 2247 fixa
806 2184 1141 2266 incommutabilisque
1154 2167 1340 2266 permaneat
1355 2179 1396 2242 ab

293 2285 381 2349 omni
397 2286 496 2368 regali
510 2286 652 2364 servicio,
662 2295 696 2351 et
710 2287 857 2350 omnium
871 2286 1062 2351 secularium
1072 2285 1220 2369 opsolnto
1231 2284 1395 2348 servitute.

294 2389 419 2453 Placuit
439 2389 597 2453 Alhstano
620 2389 766 2473 episcopo
791 2389 1070 2454 Sciraburnanscis
1092 2388 1206 2452 eclesie
1232 2393 1274 2451 aet
1297 2386 1395 2450 saia-

293 2492 362 2554 hun
372 2492 545 2556 Uuentane
559 2492 672 2556 eclesie
687 2493 781 2578 episi.
799 2515 873 2557 cum
888 2493 1037 2556 omnibus
1052 2493 1123 2556 Deo
1138 2490 1347 2569 serventibus,
1362 2489 1396 2551 in

184 2618 187 2625 ·
293 2616 484 2677 unaquaque
499 2595 667 2659 efdomada
680 2596 732 2659 die
747 2596 868 2661 Sabato
881 2596 1056 2660 unianimis
1070 2595 1280 2680 congregacio
1295 2594 1397 2657 famn-

193 2710 196 2717 ’
294 2697 398 2760 lorum
417 2697 609 2761 famularum
634 2699 696 2763 Dei
714 2720 743 2762 n.
768 2700 886 2763 salmos
907 2707 1051 2778 cantent,
1067 2707 1100 2762 et
1118 2698 1337 2782 unnsquisque
1358 2700 1396 2779 pi

295 2799 375 2864 duos
394 2801 516 2880 missas,
532 2824 631 2865 unam
650 2823 708 2885 pro
726 2802 891 2866 Adeluluo
908 2823 994 2885 rege,
1013 2802 1147 2865 alteram
1171 2823 1229 2885 pro
1248 2800 1344 2883 episi.
1365 2806 1399 2863 et

295 2903 448 2968 ducibus:
471 2926 530 2987 pro
552 2926 629 2988 rege
652 2906 778 2969 vivente
805 2904 926 2969 “Deus
950 2906 1006 2988 qni
1028 2906 1187 2988 justifices
1212 2903 1349 2986 impium
1359 2904 1381 2934 ’'
1387 2928 1397 2978 3

295 3028 354 3088 pro
383 3007 478 3090 epist.
507 3016 539 3071 et
558 3007 693 3071 ducibus
722 3008 914 3071 “Pretende
937 3008 1112 3072 Domine.”
1157 3008 1221 3070 Pro
1245 3026 1321 3089 rege
1344 3005 1399 3068 de·

297 3107 409 3172 functo
428 3108 618 3192 specialiter,
637 3131 696 3193 pro
711 3110 807 3193 episi.
824 3131 843 3193 Ἰ
861 3109 996 3174 ducibus
1013 3110 1228 3174 communiter
1244 3109 1305 3173 ano
1323 3129 1398 3173 oon-

297 3209 510 3275 sentientibus
524 3212 743 3291 donacionem,
754 3220 791 3276 ut
805 3220 874 3276 tam
887 3213 1038 3277 roborato
1051 3219 1230 3297 perseveret
1245 3210 1400 3295 quamdiu

298 3313 377 3377 fides
390 3334 409 3396 Ἰ
426 3315 543 3399 xpiana
556 3316 675 3399 relegio
692 3317 727 3379 in
742 3317 919 3399 Agelorum
933 3325 1031 3400 gente
1044 3317 1233 3381 inconcusso
1246 3323 1398 3403 pnngeat.

298 3417 347 3480 Oc
370 3416 504 3481 lecimus
528 3417 564 3481 in
589 3440 721 3483 onorem
746 3419 877 3483 Domini
898 3422 1001 3484 nostri
1023 3420 1090 3483 Jhn
1112 3421 1188 3505 xpi,
1211 3440 1230 3502 Ἰ
1254 3420 1347 3484 beate
1364 3440 1402 3483 ao

299 3540 423 3601 semper
446 3519 578 3602 virginis
607 3521 723 3601 Maria,
750 3544 769 3604 Ἰ
801 3523 949 3586 omnium
975 3532 1161 3587 sanctornm
1182 3532 1355 3600 t...um‚
1379 3544 1398 3604 Ἰ

298 3622 436 3704 pasxalis
455 3622 529 3685 festi
552 3626 743 3704 reverencia,
761 3633 799 3689 ut
814 3627 903 3689 Deus
921 3625 1123 3708 omnipotens
1143 3633 1176 3689 et
1193 3624 1313 3690 nostris
1329 3646 1402 3708 pos·

299 3724 392 3788 terris
406 3726 582 3808 propiciare
596 3727 718 3811 dignet.
764 3728 892 3811 Scripta
906 3737 956 3792 est
969 3728 1029 3792 hec
1044 3729 1168 3792 cartula
1191 3750 1276 3792 anno
1294 3750 1335 3812 ap
1353 3728 1401 3790 in-

299 3827 487 3891 carnacione
502 3829 644 3894 Domino
657 3830 760 3895 nostri
781 3829 849 3894 Jha
870 3830 935 3915 xpi
951 3851 1134 3894 occasun.
1150 3830 1336 3895 Indiccione
1352 3850 1403 3908 ra,

300 3930 352 3993 die
370 3952 445 3994 vero
462 3931 582 4011 Parali,
598 3933 633 3996 in
652 3933 775 4016 palacio
794 3941 906 3997 nostro
925 3934 1011 4016 quod
1025 3933 1144 3996 dicitur
1157 3933 1299 3997 Wiltun.
1337 3932 1405 3997 Qui

299 4034 559 4115 angerevoluerit
574 4043 717 4099 nostram
732 4035 942 4100 donacionem
958 4034 1190 4099 satisfaccionis
1200 4037 1325 4119 augead
1336 4058 1405 4099 om·

299 4136 447 4219 nipotens
468 4138 557 4202 Deus
579 4138 647 4202 dies
665 4160 842 4222 prosperos.
891 4137 926 4201 Si
947 4138 1020 4220 quis
1038 4138 1186 4202 minuere
1204 4138 1254 4202 vel
1278 4146 1406 4201 mutare

299 4240 526 4321 presumserit,
545 4248 656 4305 noscat
679 4263 714 4305 se
740 4249 816 4305 ante
841 4241 986 4305 tribunal
1009 4241 1075 4325 xpi
1097 4242 1300 4305 redditurum
1323 4241 1406 4305 raci-

299 4362 404 4421 onem,
427 4344 489 4407 nisi
511 4345 600 4428 prius
622 4338 826 4409 satisfacione
845 4343 1073 4409 emendaverit.
1121 4346 1190 4408 lsta
1207 4352 1258 4409 est
1275 4344 1407 4408 libertas
