3234 5125
524 366 845 423 bllSOELLANEOUS
864 367 1074 423 OIIARTERS.
1299 372 1351 423 293

475 574 572 629 Klel
590 575 819 631 AETHELRED.
857 577 1120 633 Dcuucxcvffl.

290 725 330 803 ›1‹
345 722 442 784 Anno
455 712 685 785 incarnationis
695 723 875 787 Dominicae
885 745 997 787 ncccc.
1009 725 1217 807 nonagesimo
1226 732 1349 800 octav0,

246 846 306 905 ego
328 824 531 900 AE'delredus,
548 824 649 887 totius
668 824 816 889 Albionis
831 826 895 889 Dei
910 826 1113 909 gubernante
1134 826 1351 891 moderamine

246 927 394 1003 basileus,
404 926 559 990 suadente
575 926 811 1012 archiepiscopo
819 928 963 1008 AElfrico,
973 950 1047 993 cum
1058 929 1192 993 consilio
1205 950 1351 992 meorum

245 1030 465 1113 episcoporum
491 1052 528 1094 ac
551 1030 732 1114 principum
757 1052 814 1094 seu
835 1032 1003 1111 nobilium,
1024 1032 1185 1115 michique
1207 1031 1350 1095 fidelium

245 1131 473 1208 assistentium,
489 1134 590 1196 annui
605 1133 753 1217 episcopo
762 1134 891 1198 Wlsino
905 1135 1053 1199 ordinare
1063 1133 1259 1198 monachicae
1273 1154 1348 1196 con·

245 1233 433 1297 versationis
461 1255 619 1312 normam,
650 1241 836 1319 castamque
865 1235 965 1299 vitam
999 1244 1033 1299 et
1065 1237 1136 1299 Deo
1168 1234 1349 1313 amabilem,

245 1336 421 1400 seeundum
444 1336 684 1401 imtitutionem
705 1338 808 1401 sancti
835 1338 935 1421 patris
953 1338 1131 1415 Benedicti,
1147 1338 1181 1401 in
1204 1338 1351 1402 coenobio

248 1439 506 1503 Seireburnensis
531 1440 672 1504 ecclesiae
683 1466 693 1517 3
728 1460 766 1503 ea
794 1441 930 1519 ratione,
956 1439 1114 1517 videlieet,
1138 1448 1176 1504 ut
1205 1440 1349 1524 quisquis

244 1562 407 1607 successor
429 1542 459 1605 ei
483 1542 657 1620 advenerit,
688 1542 752 1606 sive
786 1542 859 1626 pius
884 1544 949 1606 sive
973 1543 1121 1619 crudelis,
1142 1564 1210 1606 non
1232 1542 1350 1607 habeat

245 1644 431 1709 facultatem
455 1646 538 1709 male
562 1652 700 1708 tractare
724 1666 776 1709 res
801 1645 1051 1722 monachorum
1075 1645 1119 1707 sit
1141 1653 1259 1727 pastor,
1283 1665 1350 1708 non

246 1746 403 1823 tirannus,
420 1747 578 1829 gubernet
605 1746 646 1809 ad
675 1746 813 1810 fratrum
837 1747 1026 1823 utilitatem,
1047 1746 1221 1810 secundum
1244 1753 1350 1829 pasto·

246 1848 345 1911 ralem
361 1848 596 1927 auctoritatem,
609 1870 675 1913 non
691 1848 732 1911 ad
746 1848 890 1932 lupinam
905 1850 1132 1932 rapacitatem3
1154 1856 1262 1931 pascat
1277 1870 1351 1911 suos

245 1960 326 2014 etse
347 1958 534 2034 sequentes;
558 1950 675 2015 habeat
690 1950 757 2034 ipse
779 1952 867 2015 solus
882 1952 1002 2015 victum
1025 1951 1110 2015 inter
1124 1951 1249 2029 fratres,
1265 1950 1349 2014 sicut

245 2052 398 2135 scriptum
415 2060 481 2117 est:
499 2053 711 2137 “Principem
728 2054 919 2137 populorum
934 2062 969 2118 te
979 2053 1143 2132 constitui,
1153 2062 1222 2117 esto
1236 2054 1271 2115 in
1286 2053 1349 2115 illis

245 2154 337 2237 quasi
347 2176 432 2216 unus
447 2176 486 2217 ex
500 2154 598 2217 illis.”
637 2156 742 2237 Regat
751 2155 820 2238 ipse
831 2157 926 2239 juxta
939 2155 1120 2219 animarum
1135 2165 1168 2219 et
1179 2177 1349 2240 corporum

245 2256 419 2319 utilitatem
443 2255 657 2320 substantiam
680 2258 878 2335 monasterii,
899 2258 947 2320 ita
971 2258 1128 2325 duntaxat
1151 2266 1190 2321 ut
1211 2260 1349 2322 fratrum

243 2358 376 2421 consilio
394 2380 461 2423 nou
483 2358 526 2422 sit
540 2359 690 2442 ignotum
706 2360 858 2443 quiequid
877 2367 1002 2443 agatur.
1047 2360 1136 2425 Etsi
1154 2362 1247 2440 forte,
1264 2361 1349 2445 quod

244 2459 337 2538 absit,
362 2461 504 2525 evenerit
533 2470 570 2525 ut
599 2470 708 2545 pastor
737 2469 770 2525 et
797 2482 876 2543 grex
901 2461 1134 2540 discordantur,
1159 2483 1284 2546 semper
1309 2462 1349 2525 sd

242 2584 376 2628 examen
393 2565 622 2649 archiepiscopi
636 2572 828 2641 reservetur,
844 2571 878 2628 et
896 2564 965 2647 ipse
986 2565 1055 2648 regi
1069 2565 1198 2629 intimet
1213 2572 1250 2628 ut
1261 2567 1350 2649 justa

244 2667 399 2730 eorrectio
421 2676 583 2750 sequatur.
629 2668 674 2732 Et
688 2668 764 2750 quia
778 2689 850 2732 mos
863 2667 996 2730 minime
1011 2668 1095 2750 apud
1115 2687 1174 2730 nos
1190 2667 1350 2731 consentit

242 2775 280 2832 ut
306 2769 341 2830 in
364 2770 535 2853 episcopali
559 2771 633 2834 sede
655 2769 753 2833 abbas
774 2769 1000 2847 constituatru,
1016 2771 1074 2832 fiat
1091 2769 1159 2852 ipse
1183 2769 1348 2852 episcopus

241 2872 288 2934 eis
303 2871 400 2935 abbas
421 2879 454 2935 et
469 2879 569 2955 pater,
585 2872 694 2956 stipsi
716 2872 833 2936 fratres
850 2871 1039 2942 obedientes
1053 2871 1084 2935 ei
1099 2872 1165 2935 sint
1180 2872 1275 2936 sicuti
1289 2872 1349 2935 lilii

242 2981 275 3048 et
290 2974 449 3052 monachi,
464 2995 537 3038 cum
553 2976 701 3039 castitate
716 2983 750 3039 et
764 2975 949 3038 humilitate
964 2983 998 3038 et
1012 2974 1220 3058 subjectione,
1235 2997 1347 3039 secun-

243 3075 319 3138 dum
337 3076 539 3160 disciplinam
555 3077 631 3140 almi
646 3077 746 3161 patris
761 3077 865 3142 nostri
880 3077 1059 3154 Benedicti,
1072 3086 1110 3144 ut
1124 3099 1190 3140 una
1204 3076 1347 3141 bravium

243 3189 371 3243 reternae
395 3200 522 3244 coronae
546 3181 689 3264 accipere
712 3189 907 3246 mereantur.
953 3181 998 3245 Et
1019 3181 1182 3263 quoniam,
1198 3181 1281 3244 sicut
1303 3181 1348 3245 ait

242 3282 413 3366 apostolus,
427 3287 520 3347 “nos
542 3305 654 3348 sumus
674 3283 709 3347 in
727 3305 807 3366 quos
822 3285 901 3347 fines
916 3284 1095 3347 seculorum
1116 3283 1347 3362 devenerunt,'’

241 3393 275 3448 et
289 3386 502 3468 multiplicato
521 3387 589 3470 jam
609 3389 725 3470 'genere
739 3387 892 3464 humano,
909 3386 989 3450 adeo
1002 3395 1041 3454 ut
1055 3387 1229 3470 perplures,
1245 3387 1349 3469 gratia

241 3489 358 3572 inopie
374 3489 467 3566 ruris,
484 3510 550 3551 non
573 3489 728 3553 habentes
743 3489 799 3553 ubi
814 3489 865 3552 vel
887 3489 1007 3552 arando
1021 3491 1072 3552 vel
1093 3489 1243 3552 fodiendo
1264 3490 1346 3572 agri-

243 3590 403 3653 culturam
420 3599 603 3656 exercentes
614 3592 736 3658 vietum
751 3590 978 3674 adipiscantur,
993 3591 1125 3675 insuper
1138 3599 1171 3654 et
1186 3599 1349 3656 crescente

240 3691 426 3775 philargiria
440 3693 682 3770 nonnullorum,
693 3700 732 3756 ut
747 3693 885 3777 quisque
898 3693 1003 3776 rapiat
1017 3693 1079 3757 sibi
1094 3693 1180 3776 quod
1194 3695 1345 3776 potuerit,

241 3793 400 3877 optimum
430 3795 592 3863 duxerunt
615 3795 736 3878 priores
765 3795 870 3862 nostri
892 3803 931 3858 ut
957 3795 1062 3861 omnis
1090 3796 1131 3859 lis
1156 3795 1347 3859 terminibus

240 3897 335 3960 certis
360 3897 556 3975 adnulletur,
580 3897 715 3982 ideoque
738 3899 902 3963 territoria
930 3919 1026 3962 causa
1054 3898 1232 3963 concordiae
1258 3921 1346 3962 assu·

240 4020 346 4063 escere
369 4021 473 4090 nuper
486 4000 574 4064 inter
592 3999 773 4065 mundanos
798 4022 932 4086 coepere,
947 4010 987 4064 ut
1008 4001 1188 4084 portionem
1211 4001 1346 4085 quisque

239 4103 378 4185 propriae
399 4103 527 4168 telluris
546 4104 647 4168 libere
662 4105 796 4168 excolat.
844 4104 992 4171 Quorum
1006 4124 1066 4187 ego
1081 4103 1226 4185 exempla
1238 4103 1346 4168 imita-

239 4213 303 4282 tus,
318 4228 374 4269 rus
398 4207 544 4290 praedicti
562 4207 701 4271 coenobii
720 4208 781 4272 hac
802 4207 926 4270 cartula
940 4206 1088 4270 annotari
1102 4227 1226 4270 censeo.
1274 4208 1348 4272 Hoc

239 4317 299 4387 est,
315 4309 349 4372 in
365 4310 435 4392 ipsa
451 4310 646 4374 Scirebuma
661 4319 791 4374 centum
807 4309 902 4391 agelli
915 4309 952 4372 in
966 4308 1038 4373 loco
1053 4309 1109 4392 qui
1123 4308 1241 4372 dicitur
1255 4310 1346 4375 Stoe-
