3234 5125
291 463 328 517 92
568 461 889 519 ldlSGELLANElOUS
908 462 1123 519 GHARTERS.

333 657 432 713 unco
449 658 687 714 ennunuunn
704 659 753 714 on
770 627 932 715 nescia.
970 659 1054 714 nno.
1069 659 1147 714 aera
1165 659 1361 716 necentur

338 808 378 887 ›1‹
394 805 458 870 Aio
476 811 509 870 et
526 805 592 870 alto
615 806 758 871 Domino
781 806 854 871 Deo
875 804 1020 870 Zabaotb
1042 806 1193 890 regnanti
1215 806 1251 870 in
1273 828 1397 872 aerum:

294 906 460 990 Siquidem
483 907 617 972 humani
634 908 762 992 generis
779 908 928 992 prosapio
946 907 986 972 de
1005 908 1111 992 primo
1131 916 1223 992 patre
1242 915 1276 974 et
1293 916 1398 974 matre

293 1009 448 1074 oriundus
464 1009 500 1073 in
519 1010 603 1075 hano
620 1011 774 1074 saeoulum
788 1010 937 1090 renitet
954 1010 1000 1074 sic
1021 1010 1194 1095 perlonga
1211 1034 1293 1095 vaga
1313 1020 1398 1077 tem·

292 1134 407 1198 porum
431 1113 571 1196 spatium
595 1113 728 1178 diversis
757 1113 945 1177 nationibus
974 1113 1190 1193 derimuntur,
1216 1122 1255 1179 ut
1274 1116 1398 1200 janitor

293 1216 440 1280 caelestis
470 1215 663 1280 bibliothece
693 1223 727 1280 et
748 1237 803 1279 vas
834 1215 1011 1295 electionis,
1035 1217 1216 1300 predicator
1237 1219 1397 1302 egregius,

292 1319 456 1403 apostolus
477 1318 608 1398 Paulus,
633 1318 725 1396 dixit,
748 1319 895 1402 preteriit
916 1319 1004 1383 enim
1026 1321 1131 1404 ligura
1151 1319 1248 1405 hujus
1270 1321 1396 1400 mundi,

291 1422 452 1506 quomodo
467 1422 501 1485 in
516 1422 684 1487 velocitate
699 1421 766 1486 dies
782 1429 816 1486 et
830 1421 907 1485 ami
922 1421 1095 1487 deficiunt:
1118 1423 1285 1488 etiterum
1299 1447 1397 1508 sagax
1420 1441 1424 1447 ’

248 1597 252 1604 ,
291 1526 443 1610 sophista,
460 1525 515 1609 qui
530 1525 689 1609 quondam
711 1525 852 1610 Solymis
871 1524 960 1589 dives
977 1526 1124 1609 regnavit
1140 1526 1176 1590 in
1193 1528 1289 1606 arvis,
1304 1527 1398 1592 hato-

290 1629 404 1694 leotieo
432 1649 528 1694 versu
556 1627 673 1693 cecinit
702 1627 823 1707 dicens,
848 1633 870 1664 “
880 1627 959 1692 Non
988 1650 1114 1713 semper
1136 1629 1213 1694 licet
1235 1631 1394 1713 gaudere:

290 1732 375 1815 fugit
392 1731 474 1796 hora
489 1753 553 1815 qua
562 1731 744 1816 jacemur.''
790 1732 835 1796 Et
852 1730 925 1796 ideo
942 1737 1020 1794 sunt
1036 1752 1150 1798 omnes
1166 1739 1287 1798 nostrie
1303 1735 1395 1800 serioe

289 1836 472 1900 litterarum
495 1834 639 1919 apicibus
662 1834 909 1914 confirmandas,
936 1836 978 1899 ne
1006 1835 1144 1918 posteris
1172 1858 1212 1900 en
1240 1839 1397 1903 memoria

290 1938 397 2004 labere
416 1939 518 2022 possit
532 1936 686 2022 quicquid
703 1937 789 2002 facte
805 1937 1057 2021 precedentium
1076 1947 1206 2022 patrum
1227 1961 1265 2004 ao
1281 1963 1394 2026 regum

216 2113 224 2126 Ι
291 2043 425 2108 tirmiter
445 2048 638 2106 statuerunt.
684 2042 758 2108 Qua
772 2039 813 2105 de
829 2039 873 2121 rd,
893 2063 953 2125 ego
973 2041 1157 2124 Berhtuull,
1173 2045 1315 2111 Domino
1330 2045 1395 2110 dis-

289 2153 440 2230 ponente,
453 2167 509 2210 rex
524 2144 734 2222 Meroiorum,
744 2143 827 2207 mihi
841 2151 876 2208 et
893 2145 1043 2209 omnibus
1052 2145 1175 2210 Meroia
1189 2147 1225 2212 in
1239 2155 1394 2214 artemam

289 2248 508 2328 elemosinam,
524 2248 649 2312 donans
672 2246 799 2312 donabo
820 2247 1014 2312 Eanmnndo
1035 2248 1209 2314 venerabili
1227 2250 1344 2316 abbate
1361 2260 1395 2316 et

289 2351 360 2436 ejus
384 2350 505 2415 familie
527 2371 570 2414 on
593 2349 776 2428 Breodune,
800 2369 875 2413 oum
896 2349 1028 2415 licentia
1049 2357 1082 2415 et
1103 2353 1290 2418 testimonia
1310 2354 1395 2418 obti-

289 2461 415 2518 matum
435 2454 542 2538 gentis
561 2452 772 2532 Meroiorum,
788 2451 873 2516 hanc
889 2453 1048 2538 libertatis
1067 2456 1216 2538 gratiam,
1231 2456 1265 2521 id
1282 2465 1342 2537 est,
1357 2467 1395 2522 nt

288 2558 331 2623 sit
345 2557 517 2623 liberatum
535 2564 568 2623 et
588 2556 772 2622 obsolutum
787 2555 868 2621 illud
883 2556 1113 2622 monasterium
1129 2559 1165 2623 in
1179 2562 1395 2628 aeternitatem

176 2651 179 2658 ’
289 2661 330 2727 ab
353 2662 416 2725 illis
437 2660 662 2726 incommodiis
677 2682 774 2745 quam
798 2682 858 2725 nos
883 2661 1042 2725 Saxonioa
1059 2662 1172 2747 lingua
1190 2664 1396 2749 faestingmen

288 2765 434 2845 dicimus,
454 2765 586 2832 Christo
607 2758 749 2829 Domino
771 2772 856 2829 teste
878 2773 911 2829 et
932 2765 1083 2829 omnibus
1105 2768 1226 2832 auctis
1248 2770 1283 2833 in
1305 2771 1395 2850 celis,

287 2877 355 2934 tam
377 2869 435 2934 diu
457 2868 536 2934 fides
559 2868 718 2933 catholiea
740 2875 774 2933 et
790 2868 990 2952 baptismum
1008 2868 1131 2933 Christi
1151 2870 1186 2935 in
1210 2873 1396 2939 Brittannia

288 2980 443 3037 servetur.
492 2971 544 3035 Oh
567 2971 666 3055 hujus
689 2970 738 3036 rei
760 2971 876 3054 gratia,
902 2971 972 3055 ipse
987 2992 1063 3036 vero
1082 2973 1285 3057 supradictus
1308 2978 1395 3041 Ean·

287 3075 389 3140 mund
410 3074 508 3139 abbas
531 3080 565 3137 et
586 3074 674 3137 illius
697 3080 809 3138 sancta
831 3074 1039 3158 congregatio
1061 3076 1302 3143 Breodunensis
1323 3103 1394 3145 mo-

288 3178 422 3243 nasterii
442 3176 602 3241 dederunt
623 3175 705 3240 mihi
726 3184 760 3240 et
782 3178 932 3241 omnibus
954 3179 1077 3243 Merois
1097 3181 1249 3265 regaliter
1269 3184 1393 3267 perhu-

287 3281 408 3347 endum
427 3288 461 3345 et
474 3279 719 3363 possedendum,
731 3279 767 3343 in
781 3280 906 3345 famoso
920 3281 991 3347 rico
1005 3282 1040 3345 in
1055 3284 1287 3366 Tomeworhie,
1301 3308 1395 3373 mag·

288 3407 366 3449 num
382 3384 506 3449 discum
521 3390 709 3466 argenteum
724 3383 816 3447 valde
831 3382 914 3449 bene
928 3393 1098 3469 operatum
1115 3409 1153 3452 aa
1169 3388 1342 3457 faleratum
1357 3394 1393 3457 in

287 3509 405 3571 magno
419 3485 535 3571 pretio,
548 3493 581 3549 et
590 3505 673 3549 cuc.
686 3506 857 3550 mancusas
870 3487 905 3551 in
920 3509 999 3552 auro
1013 3510 1094 3573 puro
1102 3516 1113 3569 3
1136 3491 1286 3558 similiter
1294 3496 1392 3559 etiam

286 3589 538 3655 decantaverimt
555 3586 725 3652 duodecim
740 3588 864 3652 vicibus
879 3610 910 3653 c.
923 3590 1102 3673 psalterios,
1120 3600 1154 3657 et
1168 3614 1253 3659 cmx.
1269 3597 1393 3679 missas,

286 3715 345 3778 pro
369 3691 580 3757 Berhtwlfum
601 3712 721 3773 regem,
743 3698 778 3755 et
799 3712 858 3775 pro
884 3692 971 3755 illius
999 3714 1090 3757 caros
1119 3696 1249 3776 amicos,
1272 3707 1306 3763 et
1335 3723 1394 3784 pro

285 3818 415 3862 omnem
444 3800 573 3878 gentem
603 3794 815 3872 Meroiorum,
841 3801 880 3858 ut
908 3816 1021 3859 eorum
1046 3795 1179 3861 libertas
1205 3800 1330 3865 firmior
1355 3825 1393 3869 ac

286 3900 432 3965 stabilior
449 3904 635 3983 permaneat
657 3897 692 3960 in
714 3896 836 3976 evum2,
852 3906 887 3962 et
907 3906 945 3962 nt
967 3899 1056 3963 illius
1076 3902 1163 3986 regis
1183 3906 1341 3970 memoria
1359 3916 1394 3972 et

286 4004 463 4067 amicorum
483 4002 563 4085 ejus,
587 4000 644 4084 qui
661 3998 744 4063 hano
766 4000 920 4083 pietatem
942 4001 978 4065 in
995 4002 1205 4070 elemosinam
1222 4010 1391 4092 sempiter-

286 4129 362 4171 nam
384 4104 534 4171 omnibus
557 4103 679 4169 Merois
702 4101 757 4185 ille
777 4104 1027 4187 congregatione
1044 4127 1088 4170 on
1106 4108 1278 4175 Breodune
1293 4111 1393 4176 dona-

286 4220 384 4292 verat,
399 4213 434 4275 in
449 4231 560 4291 eorum
576 4207 675 4273 sacris
690 4206 891 4271 orationibus
901 4208 1026 4292 jugiter
1040 4218 1226 4294 permaneat
1240 4236 1343 4299 usque
1357 4217 1393 4280 in

390 4364 397 4394 ¹
417 4362 443 4413 A
456 4358 548 4414 choico
561 4358 696 4430 specimen
709 4355 740 4410 ol
748 4356 880 4412 monastic
893 4356 975 4413 Latin
987 4356 1016 4412 in
1028 4358 1137 4413 theeth
1149 4366 1270 4432 century.

389 4452 400 4481 ²
418 4447 477 4501 MS.
491 4462 590 4501 eorum.
