3234 5125
295 405 349 459 256
577 400 898 458 MlSCELLANEOUS
916 400 1131 458 ominus.

294 574 390 639 mavi.
435 576 507 657 Ego
535 573 705 638 Oswuldus
728 573 940 639 Eboracensis
967 572 1163 656 archipresul
1191 568 1404 636 conuboravi.

294 677 538 762 Egouluunua
548 675 968 760 Londonieusisepiscopus
979 674 1185 740 consolidavi.
1209 671 1406 757 EgcAthel·

294 781 414 847 woldus
429 780 666 845 Wintonieusis
689 778 857 864 episcopus
882 778 1089 843 commodum
1115 775 1203 841 duxi.
1248 777 1320 859 Ego
1333 772 1405 839 Alf-

294 884 414 946 nothus
422 881 616 947 Dorocensis
627 881 795 966 episcopus
805 880 960 945 conclusi.
998 882 1070 963 Ego
1078 878 1246 944 Alistanus
1256 875 1406 943 liniensis

188 1050 194 1061 ,
294 984 461 1068 episcopus
481 983 692 1067 consigillavi.
744 984 818 1068 Ego
833 983 987 1069 Alfgarus
1000 982 1225 1048 wiltoniensis
1239 981 1405 1064 episcopus

294 1107 389 1151 amen
413 1085 491 1151 dixi
542 1088 615 1169 Ego
638 1086 771 1151 Elsinus
795 1086 905 1167 abbas,
931 1108 1007 1151 cunr
1033 1084 1241 1150 coabbatibus
1264 1082 1345 1147 meis
1370 1088 1404 1145 et

294 1187 489 1272 presbiteris,
504 1188 694 1253 infractores
709 1188 809 1272 hujus
823 1188 987 1253 firmitalis
1004 1186 1287 1253 excommunicavi.
1332 1186 1404 1267 ugo

295 1292 451 1378 lllwynus
463 1291 630 1356 alderman
651 1291 713 1357 hoc
732 1313 843 1357 meum
865 1291 1060 1358 desiderium
1074 1289 1115 1355 ad
1129 1289 1318 1374 perlectum,
1333 1288 1404 1351 Deo

294 1395 513 1480 sudi-agatore,
529 1416 632 1479 usque
647 1394 792 1479 perduxi.

719 1850 818 1905 KING
836 1850 1007 1907 EADGAR.
1029 1802 1031 1807 ·

339 2000 507 2064 Mundane
522 1996 733 2063 volubilitatis
752 1997 859 2063 orbita
877 2018 1044 2082 nunquam
1059 1996 1095 2061 in
1109 1997 1223 2063 eodem
1237 2006 1403 2082 permanet

297 2109 393 2181 statu,
409 2101 465 2167 sed
489 2101 676 2186 quotidiano
700 2100 827 2165 defectu
852 2122 942 2166 more
966 2100 1096 2166 fluentis
1113 2123 1196 2186 aque
1213 2101 1402 2179 decurritur,

243 2207 247 2212 ’
297 2205 340 2271 ob
352 2206 388 2270 id
399 2203 485 2289 quod
499 2225 608 2269 rerum
622 2204 755 2268 effectus
768 2204 996 2288 preteritemm
1011 2203 1165 2269 oblivioni
1178 2203 1328 2283 traditur,
1339 2204 1403 2268 nisi

296 2309 463 2373 literature
484 2305 720 2371 characteribus
739 2315 899 2386 exaretur,
914 2307 971 2391 qui
994 2306 1086 2391 quasi
1109 2306 1248 2392 quodam
1266 2307 1401 2371 arctiore

296 2411 472 2494 ligamento
495 2431 537 2473 ue
556 2409 686 2494 penitus
703 2430 722 2473 e
743 2408 900 2473 memoria
922 2408 1042 2474 defluat
1056 2410 1225 2488 retinetur,
1240 2408 1302 2475 hoc
1323 2431 1402 2492 quo-

296 2513 469 2598 modoque
483 2512 560 2579 olim
576 2520 668 2596 gesta
681 2512 815 2578 fuerunt
824 2511 999 2576 innotescit
1013 2512 1160 2596 posteris.
1199 2512 1402 2597 Quapropter

244 2655 248 2662 -
297 2619 332 2681 in
355 2619 416 2683 hac
439 2617 592 2683 chartella
618 2617 786 2681 manifeste
808 2616 997 2697 declaratur,
1015 2617 1152 2700 qualiter
1169 2637 1229 2700 ego
1244 2616 1401 2700 Edgarus,

297 2720 476 2804 opitulante
498 2720 641 2804 grutuita
655 2719 832 2784 Salvatoris
853 2718 1034 2798 clementia,
1050 2719 1232 2802 Anglorum
1254 2718 1401 2797 basileus,

298 2823 491 2911 AEtulwaldo
500 2823 581 2886 mihi
591 2823 743 2907 pontifice
751 2829 954 2905 suggerente,
964 2829 1035 2885 tum
1050 2822 1243 2905 optimatum
1257 2843 1402 2886 meorum

297 2925 434 2991 concilio
457 2924 600 3004 devotus,
621 2923 771 2990 renovavi
795 2923 1034 2988 Ohiltecumbes
1056 2923 1283 2989 hereditariam
1306 2923 1403 2989 liber-

298 3036 411 3106 tatem,
435 3035 470 3092 et
495 3033 606 3090 sancte
631 3033 664 3090 et
687 3025 851 3091 individue
874 3026 1027 3092 Trinitati
1050 3026 1289 3106 commendam
1316 3035 1349 3091 et
1367 3027 1403 3090 in

298 3130 411 3195 Veteri
437 3129 632 3195 monasterio
657 3129 694 3192 in
719 3129 852 3194 ecclesia
871 3128 1039 3194 beatorum
1062 3130 1151 3194 Petri
1175 3151 1212 3194 ec
1233 3130 1337 3208 Pauli,
1361 3129 1403 3193 ad

299 3256 395 3298 usum
417 3231 649 3296 monachorum
670 3232 751 3296 inibi
765 3233 837 3297 Deo
860 3233 1050 3316 regtdariter
1072 3233 1310 3313 famulantium,
1330 3255 1402 3316 per-

300 3343 398 3420 petuo
410 3335 485 3418 jure
499 3334 680 3398 consecravi
688 3361 699 3414 3
721 3335 850 3419 precepi
870 3334 955 3400 hauc
969 3355 1097 3419 quoque
1110 3336 1354 3401 renovaciouem
1368 3337 1403 3400 in

300 3438 370 3522 ipsa
392 3437 504 3501 eadem
521 3437 669 3501 libertate
686 3437 751 3502 fine
774 3445 868 3501 tenus
889 3438 1074 3522 perdurare,
1090 3461 1154 3521 qua
1168 3439 1257 3502 illam
1277 3438 1319 3503 ab
1332 3439 1403 3503 aliis

301 3541 437 3605 ditatam
457 3546 491 3603 et
505 3539 546 3604 ab
560 3539 815 3604 antecessoribus
837 3540 967 3622 regibus
988 3541 1139 3606 omnibus
1156 3541 1236 3606 meis
1252 3541 1404 3606 donatam

302 3665 372 3707 esse
386 3642 537 3726 comperi,
549 3662 687 3726 quorum
701 3642 798 3726 primi
814 3641 991 3706 extiterunt
1007 3643 1175 3726 Kingilsus
1190 3665 1257 3724 rex,
1272 3653 1306 3708 et
1320 3644 1405 3709 filius

299 3747 371 3831 ejus
386 3744 595 3810 Kinewaldus
615 3766 682 3824 rex,
697 3745 754 3830 qui
774 3744 811 3808 iu
832 3745 962 3810 exordio
979 3744 1056 3811 fidei
1070 3745 1253 3811 Christiane
1271 3746 1405 3810 sanctis-

301 3849 384 3913 simo
407 3847 527 3911 Berino
549 3847 698 3932 episcopo
723 3848 857 3912 verbum
880 3848 944 3913 Dei
966 3849 1153 3932 predicante
1178 3859 1405 3915 concesserunt

302 3951 446 4036 ejusdem
465 3949 549 4033 juris
570 3949 803 4034 possessionem
819 3950 859 4014 ad
873 3951 1035 4035 prefatum
1049 3953 1151 4016 sancti
1165 3952 1230 4017 loci
1244 3961 1405 4018 monaste·

303 4054 408 4131 rium3
438 4050 553 4116 deinde
576 4051 761 4135 Egberthus
783 4073 850 4132 rex,
873 4052 1041 4138 Abulphus
1066 4075 1132 4133 rex,
1156 4054 1320 4120 AElfiedus
1338 4077 1405 4136 rex,

303 4155 451 4237 Edgarus
474 4170 539 4218 rex.
593 4153 736 4236 Ideoque
764 4154 904 4238 precipio
928 4155 965 4218 in
987 4155 1120 4220 nomine
1143 4157 1278 4221 Domini
1303 4159 1406 4222 nostri

304 4256 407 4321 Jhesu
420 4255 543 4321 Christi
563 4263 602 4319 ut
616 4255 726 4320 nullus
743 4255 909 4341 episcopus
932 4259 1076 4342 ejusdem
1096 4259 1159 4325 loci
1176 4259 1265 4324 illem
1288 4267 1406 4326 terram

304 4358 344 4423 de
358 4359 428 4445 ipso
442 4358 637 4424 monasterio
651 4359 779 4425 trahere
800 4360 927 4441 audeat,
943 4383 1002 4427 uec
1017 4362 1112 4427 alicui
1130 4363 1333 4444 secularium,
1348 4385 1407 4448 pro
