3234 5125
318 417 369 470 188
429 434 433 439 ·
593 418 915 474 mscmmANEoUS
934 416 1148 473 OHARTERS.

317 606 417 667 regno
437 598 529 666 meo}
553 595 586 651 et
609 589 676 651 sint
699 597 784 653 terre
808 610 865 653 sue
884 588 946 652 sibi
969 588 1070 652 libere
1094 595 1127 652 et
1147 587 1251 651 solute
1274 586 1315 651 ab
1332 586 1423 651 omni

317 688 508 773 calumpnia,
525 690 610 754 sicut
633 711 705 754 mee
728 691 828 755 michi
858 690 1027 755 habentur.
1075 690 1140 754 Sed
1168 689 1328 773 praecipue
1354 689 1424 771 ipsa

317 791 392 853 villa
416 792 595 872 Glastonia,
619 793 654 856 in
684 815 748 876 qua
771 793 963 857 eeleberima
986 800 1113 857 vetusta
1142 791 1285 855 aecclesia
1312 798 1423 854 sancte

323 892 415 977 [Dei]
435 894 600 977 genitricis
616 896 679 959 site
693 903 752 974 est,
768 917 824 980 pre
845 896 961 960 ceteris
981 896 1025 959 sit
1039 894 1171 959 liberior
1185 916 1260 959 eum
1274 894 1421 957 terminia

316 996 403 1074 suis3
434 996 543 1060 abbati
562 1004 691 1061 tantum
713 998 858 1081 ejusdem
881 998 943 1062 loci
962 996 1189 1061 tantummodo
1203 1003 1345 1079 potestas
1366 996 1420 1075 sit,

315 1104 384 1160 tam
398 1098 433 1161 in
448 1099 535 1162 notis
552 1102 658 1163 causis
672 1122 770 1185 quam
783 1102 819 1164 in
834 1100 964 1185 ignotis,
980 1101 1016 1163 in
1035 1099 1171 1163 modicis
1185 1108 1219 1163 et
1234 1099 1269 1163 in
1284 1099 1420 1183 maguis,

316 1208 350 1264 et
364 1200 400 1263 in
413 1199 477 1265 hiis
492 1201 589 1265 etiam
605 1224 669 1286 que
688 1210 765 1266 sunt
780 1224 878 1287 super
892 1210 926 1267 et
940 1203 1055 1268 subtus
1070 1210 1200 1280 terram,
1217 1201 1252 1265 in
1273 1200 1370 1264 aridis
1388 1211 1421 1265 et

314 1302 350 1364 in
378 1303 465 1382 rivis,
491 1304 528 1366 in
556 1305 644 1369 silvis
667 1313 701 1370 et
725 1306 760 1368 in
785 1306 901 1390 planis.
961 1306 1005 1369 Et
1031 1304 1166 1369 eandem
1196 1305 1420 1368 auctoritatem

315 1406 471 1488 puniendi
485 1415 542 1471 aut
551 1407 737 1472 dimittendi
749 1408 1007 1493 delinquentium
1022 1408 1057 1471 in
1069 1428 1107 1471 ea
1117 1405 1289 1471 commissa
1303 1405 1421 1470 habeat

314 1531 411 1591 quam
426 1531 499 1573 mea
515 1510 615 1587 curia,
631 1511 903 1593 quemadmodum
925 1512 991 1575 mei
1013 1516 1232 1573 antecessores
1252 1529 1418 1573 concesse-

315 1618 403 1689 runt,
414 1619 447 1674 et
456 1612 627 1676 statuendo
639 1612 860 1692 firmaverunt,
871 1614 1021 1678 videlicet
1031 1620 1123 1697 pater
1131 1630 1222 1675 meus
1231 1611 1419 1691 Edwardus,
1434 1631 1440 1639 ·

316 1721 350 1775 et
364 1712 515 1777 Elfredus
529 1722 621 1797 pater
635 1713 716 1796 ejus,
731 1724 766 1778 et
777 1716 988 1800 Kentwynes‚
1005 1716 1092 1793 Ines,
1109 1714 1305 1791 Cuthredus,
1316 1721 1350 1778 ct
1364 1714 1420 1777 alii

317 1815 522 1899 quamplures
549 1816 605 1899 qni
628 1816 736 1880 locum
759 1818 852 1881 illum
877 1806 1072 1882 honorantes
1096 1817 1273 1899 gloriosum
1299 1816 1418 1880 habue-

314 1925 403 1995 mnt,
427 1926 460 1981 et
484 1918 659 2000 apostolica
682 1922 874 1985 anctoritate
903 1921 1143 1985 roboravenmt.
1193 1920 1237 1983 Et
1262 1940 1304 1983 ne
1330 1918 1418 2003 quis·

316 2042 413 2102 quam
436 2021 633 2100 mortalium,
656 2044 713 2085 seu
736 2024 915 2107 episcopus,
931 2032 988 2088 aut
1012 2024 1087 2101 dux,
1107 2031 1164 2086 aut
1182 2022 1341 2106 princeps,
1362 2030 1418 2085 aut

315 2123 465 2205 quislibet
487 2123 711 2187 ministromm
740 2146 861 2205 eorum,
884 2127 1001 2190 audeat
1025 2147 1095 2190 com
1124 2126 1256 2189 omnino
1285 2126 1416 2203 intrare,

314 2245 411 2288 causa
434 2224 619 2308 placitandi,
642 2226 692 2289 vel
716 2228 871 2310 rapiendi,
895 2228 945 2291 vel
972 2228 1135 2311 quippiam
1158 2226 1308 2305 faciendi,
1332 2226 1417 2312 quod

315 2328 512 2391 contrarium
535 2328 636 2411 possit
660 2349 729 2392 esse
752 2330 834 2393 inibi
849 2332 919 2394 Deo
942 2329 1165 2408 servientibus,
1181 2328 1244 2393 Dei
1265 2328 1418 2393 interdic·

313 2428 403 2493 tione
416 2429 581 2513 prohibeo.
618 2430 774 2514 Quisquis
789 2431 890 2514 igitur
905 2432 1061 2497 benevola
1074 2440 1185 2496 mente
1199 2452 1305 2495 meam
1319 2431 1418 2495 dona-

314 2532 439 2598 cionem
462 2533 513 2598 vel
543 2534 750 2599 devocionem
779 2535 945 2620 ampliare,
976 2544 1009 2600 et
1038 2534 1197 2619 privilegii
1227 2532 1418 2618 dignitatem

204 2639 207 2646 '
313 2657 439 2700 servare
454 2638 618 2722 satagerit,
634 2637 669 2700 in
688 2637 749 2703 hoo
770 2639 923 2722 praesenti
945 2638 1053 2702 seculo
1072 2637 1141 2702 vita
1161 2637 1248 2702 illius
1268 2659 1419 2722 prospera

312 2739 364 2817 sit,
381 2747 414 2804 et
428 2740 614 2823 longiturne
630 2742 694 2805 vite
717 2742 835 2825 gandia
853 2750 972 2806 teneat.
1020 2741 1056 2805 Si
1072 2741 1144 2824 quis
1162 2751 1270 2806 autem
1288 2743 1418 2826 propria

311 2843 493 2906 temeritate
524 2843 682 2907 violenter
710 2843 862 2907 invadere
892 2843 1107 2926 temptaverit,
1132 2843 1212 2908 sciat
1241 2866 1276 2908 se
1305 2844 1417 2927 procul

312 2943 409 3008 dubio
433 2954 509 3010 ante
533 2945 676 3009 tribunal
700 2944 838 3009 districti
861 2944 980 3030 judicis
1005 2945 1202 3009 titubantem
1228 2947 1415 3011 tremebun-

312 3047 453 3130 dumque
475 3047 638 3110 racionem
659 3047 874 3126 redditurum,
889 3047 954 3110 nisi
976 3047 1065 3131 prius
1080 3048 1178 3131 digna
1199 3049 1416 3114 satisfactione

313 3149 483 3212 emendare
499 3149 657 3212 maluerit.
702 3151 787 3213 Acta
807 3159 857 3214 est
879 3157 988 3214 autem
1011 3149 1108 3233 hujus
1125 3151 1285 3235 privilegii
1300 3153 1417 3234 pagina

312 3271 398 3313 anno
427 3251 596 3315 Dominice
625 3251 856 3315 incarnationis
874 3249 1138 3335 'nongentesimo
1172 3255 1416 3338 quadragesimo

311 3361 435 3434 quarto,
451 3351 633 3417 Indictione
648 3354 796 3418 secunda

355 3456 426 3537 Ego
441 3454 632 3520 Edmuudus
654 3477 710 3520 rex
725 3457 908 3540 Anglorum
930 3458 1089 3542 prefatam
1103 3460 1324 3538 donacionem,
1341 3483 1414 3525 cum

311 3556 417 3639 sigillo
432 3565 541 3622 sancte
558 3559 672 3637 crucis,
689 3559 886 3625 confirmavi.
931 3561 1003 3644 Ego
1018 3562 1155 3642 Eadred‚
1172 3564 1315 3646 ejusdem
1329 3565 1415 3648 regis

310 3657 410 3723 frater
424 3661 581 3724 consensi.
625 3662 698 3744 Ego
712 3660 869 3745 Eadgiua,
885 3661 1031 3747 ejusdem
1051 3663 1136 3747 regis
1152 3673 1265 3744 mater,
1280 3667 1415 3749 praedic-

310 3768 382 3826 tum
405 3761 527 3827 donum
551 3764 748 3848 consignavi.
793 3765 865 3848 Ego
890 3764 972 3843 Oda,
1000 3765 1256 3832 Dorobernensis
1282 3767 1415 3832 ecclesie

309 3864 574 3951 archiepiscopus,
591 3867 736 3951 ejusdem
757 3867 843 3950 regis
863 3867 1085 3947 donacionem,
1104 3889 1179 3932 cum
1193 3868 1328 3954 tropheo
1343 3870 1415 3953 agie

308 3968 423 4048 crucis,
448 3969 623 4034 subarravi.
668 3972 740 4054 Ego
760 3969 942 4034 Wlfstanus
966 3971 1222 4056 archiepiscopus
1246 3974 1414 4056 praefatam

309 4070 519 4136 donacionem
534 4073 730 4136 confirmavi.
774 4074 846 4156 Ego
861 4073 1014 4152 Elfheah,
1030 4075 1266 4139 Wintoniensis
1282 4077 1415 4140 ecclesie

308 4173 485 4258 episcopus,
502 4175 731 4259 triumphalem
745 4175 918 4261 tropheum
933 4177 1004 4259 agie
1019 4178 1123 4241 crucis
1138 4178 1296 4262 impressi.
1341 4180 1414 4262 Ego

306 4275 476 4354 Wlfhelm,
493 4279 707 4342 Fontauensis
721 4279 899 4362 episcopus,
915 4281 1126 4345 corroboravi.

352 4379 539 4462 Scriptaque
564 4389 612 4444 est
632 4381 749 4444 litteris
772 4381 878 4458 aureis
901 4383 935 4446 in
958 4383 1040 4448 libro
1061 4384 1300 4467 evangeliorum
1316 4406 1410 4466 quem
