3234 5125
293 386 343 440 118
562 386 885 442 llssSOELLANldOUS
904 385 1119 442 CHARTERS.

334 637 432 694 KING
451 639 641 696 BURHRED
659 640 708 696 OF
726 639 885 696 MEROIA.
920 638 1041 693 APRIL
1060 637 1136 692 lam
1154 637 1355 694 nocuum

338 786 437 865 ›1⁴1n
460 785 591 850 nomine
617 785 751 850 Domini
776 786 839 851 Dei
861 787 987 865 exoelsi,
1010 785 1066 869 qui
1088 793 1136 850 ost
1158 807 1230 870 spes
1251 785 1398 850 omnium

293 887 407 950 finium
423 895 517 966 terre,
534 895 567 952 et
582 889 617 952 in
632 911 719 954 mare
734 891 840 974 longe.
883 891 955 973 Ego
970 897 1079 954 autem
1094 889 1282 954 Burhredus
1302 889 1397 972 [Om-

294 989 573 1075 nipot]entissimo
587 993 659 1056 Deo
674 993 877 1071 concedente,
889 1015 945 1056 rex
960 993 1019 1057 Me
1025 993 1189 1076 [reiorum
1199 991 1326 1055 donabo
1341 991 1393 1074 ao]

288 1092 388 1170 ,trado
402 1094 545 1174 Alhun0,
555 1096 703 1179 episcopo
717 1117 799 1175 meo,
813 1117 871 1179 pro
885 1095 1028 1160 remedio
1043 1095 1149 1159 anime
1163 1116 1245 1173 mee,
1257 1094 1399 1176 aliquam

295 1217 424 1278 parvam
453 1199 635 1281 portionem
664 1199 832 1277 libertatis,
864 1221 939 1262 eum
968 1219 1124 1262 consensu
1159 1195 1399 1262 consiliatorum

296 1319 453 1378 meorum,
480 1301 608 1384 gaziferi
638 1300 766 1384 agelluli
796 1301 832 1363 in
861 1301 931 1364 vieo
956 1300 1146 1378 Lundonie;
1175 1299 1238 1363 hoo
1260 1307 1320 1377 est,
1342 1297 1399 1361 ubi

297 1403 482 1468 nominatur
497 1404 847 1487 Ceolmundingohsga,
864 1404 919 1487 qui
934 1411 983 1466 est
997 1425 1064 1467 non
1079 1404 1175 1487 longe
1191 1403 1276 1466 from
1290 1402 1399 1465 West·

298 1513 409 1588 getum
432 1506 565 1589 positus,
582 1507 643 1571 sibi
663 1506 819 1590 episcopis
840 1507 876 1569 in
898 1506 1060 1590 propriam
1078 1505 1261 1569 libertatem
1282 1505 1323 1568 ad
1342 1505 1399 1568 ha·

297 1607 450 1687 bendum,
473 1609 523 1673 vel
547 1609 587 1672 ad
609 1609 804 1694 Uueogema
826 1610 956 1673 civitate
978 1609 1204 1692 pertinentem,
1228 1630 1301 1672 oum
1330 1630 1399 1671 om·

297 1709 393 1773 nibus
415 1711 510 1776 rebus
533 1734 595 1796 que
618 1710 658 1775 ad
680 1733 713 1776 se
736 1721 824 1776 reete
846 1713 1019 1796 pertinent,
1042 1711 1177 1776 modicis
1199 1720 1233 1776 et
1254 1711 1399 1794 magnis3

299 1813 360 1877 hoo
380 1821 439 1892 est,
455 1815 541 1898 quod
558 1815 675 1879 habeat
696 1816 785 1879 intus
802 1815 977 1879 liberaliter
992 1804 1139 1878 'modium
1157 1823 1191 1878 et
1208 1814 1351 1898 pondera
1367 1821 1400 1876 at

298 1937 458 1996 mensura,
476 1919 559 1982 siout
579 1919 612 1980 in
630 1925 723 2002 porto
742 1939 814 1982 mos
831 1903 880 1982 est
897 1919 938 1982 ad
957 1917 1136 1983 fruendam.
1183 1919 1255 1981 Heo
1269 1916 1401 1980 libertas

298 2018 395 2104 hujus
421 2021 490 2104 agri
517 2028 701 2105 comparata
724 2029 772 2085 est
796 2043 816 2085 a
840 2043 916 2104 rege
938 2043 1013 2086 oum
1035 2021 1202 2104 sexaginta
1225 2020 1401 2084 solidorum

299 2123 434 2205 argenti,
451 2131 484 2186 et
499 2133 575 2188 anta
590 2131 698 2208 empta
715 2145 790 2190 eum
807 2132 903 2188 tanto
920 2124 1057 2209 pecnnia
1069 2146 1137 2188 nno
1151 2124 1235 2189 libra
1257 2131 1291 2187 et
1306 2123 1400 2188 Ceol-

298 2225 419 2290 munde
436 2226 595 2310 praefecto.
641 2229 708 2291 Pax
731 2236 764 2291 et
786 2227 940 2292 securitas
962 2228 1006 2291 sit
1028 2227 1178 2292 omnibus
1200 2226 1401 2290 servantibus

298 2327 594 2409 hauclibertatem3
617 2330 910 2394 oontradioentibus
921 2351 997 2394 vero
1007 2337 1041 2394 et
1051 2329 1286 2394 rennuentibus
1297 2329 1400 2394 eterni

298 2431 383 2513 regis
402 2431 484 2495 ultio
503 2431 564 2496 sibi
584 2433 761 2512 incumbat,
783 2433 812 2496 si
831 2454 897 2496 non
912 2432 1008 2516 digne
1022 2433 1261 2497 emendaverint
1276 2434 1346 2497 Deo
1368 2441 1402 2496 et

300 2531 495 2599 hominibus.

343 2638 445 2701 Gesta
466 2646 542 2701 sunt
562 2638 624 2703 hee
647 2660 732 2703 anno
755 2638 937 2705 Dominiose
966 2638 1198 2704 incarnationis
1223 2660 1400 2704 noscam.

298 2739 480 2805 Indictione
496 2762 570 2806 vero
583 2762 627 2820 v.,
642 2744 678 2805 in
699 2742 771 2807 loco
787 2743 912 2807 famosa
932 2742 988 2826 qui
1005 2741 1124 2806 dieitur
1143 2742 1400 2827 Tomanworliig,

297 2841 332 2905 in
347 2850 459 2907 sancta
473 2844 590 2927 pascha
605 2846 748 2909 Domini.
793 2845 847 2909 Ad
865 2866 999 2909 censum
1012 2865 1089 2909 vero
1109 2845 1178 2928 regi
1197 2844 1350 2909 reddatur
1366 2843 1401 2907 in

298 2966 383 3009 anno
398 2946 438 3010 de
452 2946 640 3029 agriunoulo
654 2947 710 3011 illo
725 2970 785 3012 x11.
802 2947 959 3012 denarios.

342 3048 402 3111 Hii
416 3049 548 3112 fuerunt
563 3056 660 3113 testes
676 3072 814 3133 quorum
829 3050 961 3114 nomina
971 3050 1025 3114 hio
1039 3058 1133 3115 sunt:

342 3153 383 3231 ›1‹
400 3152 471 3233 Ego
500 3151 648 3234 Burgred
676 3172 733 3215 rex
762 3153 961 3216 Meroiorum
982 3154 1067 3217 hano
1087 3153 1282 3233 libertatem,
1305 3174 1402 3237 quam

298 3252 455 3337 episeopis
480 3253 605 3331 donavi,
637 3255 729 3337 signo
754 3255 858 3319 crucis
887 3256 1010 3320 Christi
1035 3256 1148 3320 munio
1177 3264 1210 3321 et
1236 3257 1401 3320 oonfirm0.

300 3358 340 3437 ›1‹
357 3358 429 3438 Ego
444 3356 646 3441 AEthelswyd
666 3356 729 3441 [re]
735 3358 813 3441 gina
834 3358 918 3422 hanc
932 3359 1140 3423 donationem
1155 3358 1240 3442 regis
1257 3357 1403 3422 oonsensi

299 3465 332 3522 et
347 3457 530 3543 subscripsi.
576 3461 616 3540 ›1‹
633 3461 704 3543 Ego
713 3460 892 3525 'lumberht
901 3462 1078 3545 episeopus.
1125 3464 1165 3543 ›1‹
1182 3463 1256 3544 Ego
1263 3460 1403 3525 Ceorred

298 3560 472 3644 episeopus.
518 3564 589 3645 Ego
604 3563 715 3627 Alhun
730 3563 906 3647 episcopus.
952 3566 1024 3648 Ego
1041 3564 1206 3649 Byrhtred
1224 3565 1401 3648 episeopus.

299 3664 370 3745 Ego
380 3663 529 3727 caonas
535 3665 709 3750 episeopus.
734 3667 805 3750 Ego
817 3666 993 3730 Hunberht
1002 3667 1075 3731 dux.
1099 3667 1185 3751 [Ego
1193 3666 1403 3751 Beor]htnoli

298 3764 373 3829 dux.
427 3768 498 3850 Ego
520 3767 698 3832 Ealdberht
715 3769 790 3832 dux.
840 3770 911 3852 Ego
935 3770 1047 3835 Muoel
1067 3769 1140 3834 dux.
1199 3770 1287 3855 [Ego
1300 3769 1407 3835 Aoulf

298 3868 389 3952 dun]
440 3870 511 3952 Ego
527 3871 716 3935 Beornhard
731 3872 805 3935 dux.
852 3873 923 3955 Ego
938 3872 1066 3937 Esdred
1081 3874 1156 3937 dux.
