3234 5125
482 436 805 492 MISCELLANEOUS
825 437 1038 494 OIIAR'PERS.
1204 446 1211 463 ⁸
1262 440 1313 495 175

207 608 355 693 contigit,
371 630 459 673 enno
471 608 592 694 eclypsi
602 610 689 690 solis,
704 610 846 694 perdicio
861 609 976 695 prioris
990 610 1085 689 libri;
1101 629 1190 673 nnnc
1205 616 1314 673 eutem

207 721 318 777 nostra
338 713 471 778 licentis
484 720 518 777 et
532 714 775 779 confirmatione
790 714 917 780 anticus
930 714 1149 798 prescribitur
1163 713 1264 791 liber;
1287 714 1315 776 si

208 838 304 882 cause
326 816 463 901 alicujus
485 816 534 881 rei
555 816 749 897 invenietur,
767 818 843 901 igne
865 824 1035 883 cremetur.
1082 818 1247 881 Kerexcte
1266 823 1315 879 est

209 926 316 983 sutem
336 920 460 983 cortule
477 920 574 1003 hujus
594 919 777 985 donationis
791 929 826 984 ct
841 919 1094 986 confirmationis
1109 941 1194 984 enno
1209 918 1315 983 divine

208 1021 439 1085 incarnationis
454 1021 537 1086 sicut
552 1044 649 1106 snpra
660 1022 835 1101 invenitur,
845 1005 946 1087 etdie
960 1044 992 1087 v.
1009 1022 1089 1087 Idus
1106 1021 1314 1107 Septembris,

208 1125 245 1189 in
257 1125 329 1188 loco
343 1126 400 1209 qui
414 1124 534 1189 dicitnr
542 1125 754 1208 Wesrdburg.
799 1126 872 1191 Hoc
888 1133 997 1189 cutem
1012 1125 1211 1190 servantibus
1224 1144 1314 1208 pros·

208 1228 337 1311 peritas,
353 1229 430 1307 vita,
448 1228 553 1307 sulus3
577 1227 798 1292 minuentibus
820 1249 894 1293 vero
914 1236 947 1293 ct
972 1227 1195 1313 frangentibus
1217 1247 1314 1305 mors,

208 1351 291 1414 pene
304 1338 339 1395 ct
351 1330 502 1415 perdicio.
548 1331 693 1395 Nomine
706 1351 782 1397 vero
795 1331 893 1415 hujus
908 1330 1161 1396 confirmationis
1175 1338 1208 1395 et
1222 1330 1313 1395 testi-

209 1432 311 1497 monii
325 1432 378 1497 hic
392 1434 479 1497 infre
492 1433 665 1497 nitescunt.

253 1538 293 1619 *l*
309 1537 380 1621 Ego
395 1535 550 1622 AEPelfled
563 1536 648 1601 hcnc
662 1557 768 1601 mecm
786 1536 951 1601 licentiam
972 1538 1127 1602 confirmo
1149 1535 1314 1619 signaculo

209 1647 319 1704 sancte
344 1639 458 1703 crucis.
510 1641 550 1722 ›1‹
565 1638 637 1722 Ego
651 1637 807 1723 AElfwyn¹
825 1638 991 1722 episcopus
1016 1639 1163 1704 consensi
1185 1646 1218 1702 et
1240 1638 1314 1701 sub-

210 1741 331 1825 scripsi.
387 1743 427 1824 *l*
443 1741 515 1824 Ego
536 1740 687 1806 AElfwine
709 1741 875 1825 episcopus
907 1740 1054 1805 consensi
1077 1749 1110 1805 et
1133 1740 1314 1825 subscripsi.

212 1847 252 1928 ›1‹
268 1846 340 1928 llgo
357 1844 519 1931 AEhelhnn
540 1844 707 1928 episcopus
731 1843 880 1907 consensi
901 1852 935 1907 et
957 1843 1139 1927 subscripsi.
1188 1845 1228 1926 ›1‹
1244 1844 1316 1927 Ego

210 1946 339 2031 Esdger
352 1947 519 2032 episcopus
533 1946 679 2012 consensi
694 1953 728 2010 ct
741 1946 925 2031 subscripsi.
972 1948 1012 2029 ›1‹
1027 1946 1099 2030 Ego
1110 1945 1233 2011 AElfred
1248 1946 1314 2029 epi-

210 2068 325 2130 scopus
348 2047 494 2111 consensi
517 2054 551 2111 et
577 2044 759 2129 subscripsi.
817 2047 857 2128 *l*
874 2046 945 2130 Ego
963 2045 1124 2131 AEbelferd
1150 2044 1216 2109 dux
1238 2066 1314 2110 con·

209 2150 294 2213 sensi
308 2157 342 2214 ct
356 2149 538 2233 subscripsi.
575 2151 615 2232 ›1‹
631 2150 703 2233 Ego
713 2148 837 2213 AElfred
852 2149 917 2213 dux
932 2149 1078 2214 consensi
1088 2157 1121 2214 et
1130 2148 1312 2232 subscripsi.

213 2254 253 2335 *l*
269 2254 340 2336 ligo
355 2252 515 2338 AEbelhun
530 2250 628 2315 obbas
642 2251 789 2315 consensi
804 2258 837 2315 et
852 2251 1033 2336 subscripsi.
1089 2253 1129 2334 *l*
1146 2252 1217 2335 Ego
1232 2252 1315 2334 Ecg·

211 2354 305 2420 berht
316 2355 414 2420 abbas
428 2354 574 2420 consensi
588 2362 622 2418 ct
636 2354 818 2439 subscripsi.
865 2356 905 2437 ›1‹
921 2355 992 2437 Ego
1001 2355 1117 2438 Cyne'd
1129 2353 1225 2418 abbas
1240 2374 1315 2417 con·

211 2458 296 2522 sensi
320 2466 353 2522 et
376 2457 560 2542 subscripsi.
607 2459 647 2540 ›1‹
662 2458 734 2540 Ego
748 2457 900 2521 Wihtred
922 2458 1068 2522 consensi
1085 2465 1117 2521 et
1131 2456 1315 2541 subscripsi.

213 2563 253 2644 *l*
269 2563 340 2645 Ego
364 2559 519 2645 Berhsigc
545 2561 691 2626 consensi
714 2568 748 2625 ct
771 2559 955 2644 subscripsi.
1016 2563 1056 2644 ᾧ
1073 2561 1143 2644 Ego
1163 2559 1317 2647 AEpclnsp

211 2664 357 2729 consensi
377 2671 411 2729 ct
435 2664 618 2747 subscripsi.
675 2666 715 2747 ᾖ
731 2663 804 2746 Ego
818 2663 998 2749 AEbclwerd
1019 2663 1165 2728 consensi
1187 2672 1222 2727 et
1240 2662 1315 2727 sub-

211 2767 331 2851 scripsi.
379 2768 419 2849 'l‘
434 2766 506 2851 Ego
520 2767 660 2831 AElfstcn
674 2767 822 2831 consensi
837 2773 870 2830 et
885 2766 1066 2850 subscripsi.

574 3135 704 3242 sunto
717 3163 968 3242 minnnsrlu.

212 3338 234 3369 “
244 3354 309 3398 'hnc
326 3354 485 3398 omonssl.
501 3353 656 3398 CHARTEB
671 3353 711 3398 '1¹0
727 3353 793 3398 ‘run
810 3351 993 3397 BURGESSES
1005 3351 1046 3395 or
1056 3331 1317 3395 MALMESBURY.”

255 3495 467 3560 Athelstenus
489 3516 546 3559 rex
568 3495 752 3578 Anglorum
774 3494 827 3574 do,
847 3513 906 3577 pro
925 3513 978 3556 me
1000 3499 1034 3555 et
1056 3489 1137 3556 meis
1160 3511 1319 3556 suoeesso·

212 3597 310 3678 ribus,
339 3597 555 3682 burgensibus
587 3599 668 3662 meis
701 3605 734 3661 et
763 3617 876 3661 eorum
905 3594 1057 3660 omnibus
1078 3593 1321 3678 successoribus

214 3701 461 3766 Meldulfuensis
478 3701 574 3784 burgi
597 3700 684 3785 quod
701 3699 843 3764 habeant
860 3706 894 3762 et
913 3705 1047 3762 teneant
1066 3717 1192 3782 semper
1206 3717 1318 3761 omncs

210 3803 393 3869 functiones
421 3813 455 3868 ct
484 3803 601 3867 liberae
631 3801 881 3868 consuetudines
911 3821 996 3879 sues,
1026 3799 1111 3864 sicut
1144 3805 1320 3863 tennerunt

213 3915 358 3990 tempore
373 3906 458 3989 regis
470 3905 640 3970 Esdwerdi
653 3905 756 3989 petris
770 3905 846 3984 mei,
862 3902 987 3967 illibate
1002 3910 1035 3967 ct
1049 3902 1235 3966 honorilice.
1276 3903 1321 3965 Et

214 4010 363 4094 praecipio
380 4009 530 4072 omnibus
549 4007 661 4072 subter
682 4008 818 4092 imperio
838 4028 921 4086 meo,
941 4006 1026 4090 quod
1050 4004 1256 4070 consocient
1275 4004 1322 4068 eis

166 4174 173 4188 ,
213 4110 376 4196 injuriam,
401 4119 434 4175 et
457 4111 524 4175 sint
547 4111 649 4194 quieti
675 4110 794 4195 absque
818 4107 1002 4194 calumpnia
1025 4115 1057 4172 et
1078 4115 1157 4171 scot.
1209 4107 1254 4171 Et
1279 4107 1321 4172 do

214 4221 248 4277 et
261 4213 402 4278 concedo
422 4213 469 4277 eis
488 4213 578 4278 illam
593 4212 743 4278 brucrsm
756 4213 881 4296 regiam
897 4211 1039 4295 quinque
1057 4207 1217 4295 hydarum
1236 4217 1322 4274 terre

250 4359 260 4392 ¹
278 4359 345 4414 This
364 4360 388 4414 is
409 4379 426 4415 e
446 4359 544 4414 female
564 4375 661 4414 neme:
678 4357 797 4437 perhaps
818 4358 861 4412 for
877 4355 1067 4429 “episcopus”
1079 4373 1121 4409 wc
1142 4353 1239 4409 should
1259 4355 1324 4410 read

204 4447 272 4516 stila
284 4446 434 4517 AEhelflede.
