3234 5125
324 443 360 496 44
601 442 921 497 MISOELLANEOUS
940 439 1156 498 CHARTERS.

326 610 493 695 episcopus
523 612 707 697 subscripsi.
753 615 794 697 ›1‹
810 614 881 698 Ego
911 614 1087 679 Fortredua
1114 614 1214 679 abbas
1244 612 1427 698 subscripsi.

327 715 455 798 ›1⁴Ego
479 716 708 780 Wcrnbrihtus
728 715 921 799 Legorensis
944 717 1130 801 subscripsi.
1177 718 1306 800 ›14Ego
1329 716 1427 780 Ilalh-

324 816 465 880 mundus
489 818 655 902 episcopus
679 818 929 885 Uuintoniensis
953 819 1138 903 subscripsi.
1185 821 1225 900 »Β
1241 820 1312 903 Ego
1335 820 1428 883 Wer·

326 920 465 985 mundus
483 921 654 986 Hrofensis
671 922 840 1005 episcopus
859 922 1045 1007 subscripsi.
1092 922 1428 1007 ›1⁴Ego1lelogyldus

327 1022 425 1087 abbas
455 1024 638 1109 subscripsi.
713 1026 835 1110 >pago
873 1024 1039 1090 Wllredus
1077 1024 1320 1090 archidiaconus
1352 1024 1426 1089 aub-

326 1146 450 1211 scripsi.

478 1466 606 1521 omre
625 1444 820 1522 chuwuus
837 1465 886 1520 on
903 1464 1063 1521 usecia
1099 1464 1285 1523 nccxcrx.

319 1689 323 1695 ¹
370 1616 468 1696 ›1⁴1n
488 1614 620 1678 nomine
636 1614 770 1678 Domini
788 1614 852 1678 Dei
871 1614 1048 1678 Salvatoris
1065 1613 1170 1677 nostri
1185 1614 1207 1679 J
1209 1612 1289 1677 heau
1304 1612 1425 1679 Christi

322 1716 394 1799 Ego
411 1716 532 1782 Cenulf
552 1738 608 1779 rex
631 1738 697 1779 una
720 1736 794 1779 cum
809 1717 948 1801 conjuge
965 1738 1038 1781 mea
1052 1716 1218 1799 Cenegiiia
1234 1714 1357 1799 regina,
1374 1736 1423 1779 re·

322 1818 464 1884 ferentes
482 1819 601 1903 gratias
624 1819 787 1901 hargitori
809 1818 982 1898 bonorum,
998 1819 1141 1883 Domino
1164 1818 1269 1883 Jhesu
1285 1817 1425 1896 Christo,

323 1922 380 2005 qui
403 1922 549 1986 dilatavit
573 1922 729 1986 terminos
747 1930 877 1987 nostros
891 1924 987 2007 juxta
1002 1929 1171 2007 puberum
1188 1922 1424 2005 antiquitatem,

321 2024 358 2088 in
372 2046 542 2089 commune
556 2024 824 2109 pertractavimus
841 2024 983 2109 aliquam
999 2031 1125 2109 partem
1139 2032 1225 2089 terre
1242 2023 1337 2089 nobis
1351 2044 1424 2089 con-

319 2128 386 2192 late
410 2127 451 2192 ad
464 2128 567 2192 vicem
582 2127 769 2211 rependere,
785 2148 827 2191 ue
842 2127 962 2210 ingrati
980 2127 1043 2191 Dei
1060 2126 1224 2192 beneficiis
1244 2127 1426 2191 videremur

320 2230 484 2314 Largitori
497 2238 621 2295 nostro.
667 2231 742 2297 Qua
756 2230 796 2295 de
812 2252 859 2309 re,
874 2253 894 2295 a
910 2230 1053 2314 presenti
1071 2230 1124 2295 die
1141 2238 1175 2295 et
1192 2238 1349 2314 tempore,
1363 2230 1424 2295 tibi

319 2333 442 2417 pastori
472 2340 505 2397 et
534 2332 654 2398 familie
684 2332 818 2398 ecclesie
847 2333 971 2397 Christi
1001 2335 1137 2417 Deoque
1165 2333 1280 2412 dicate,
1304 2341 1424 2397 terram

315 2436 399 2520 juris
425 2436 528 2501 nostri
552 2458 614 2521 que
638 2437 701 2501 sita
724 2444 774 2501 est
797 2437 833 2500 in
856 2436 1021 2521 provincia
1042 2436 1158 2502 Cautio
1180 2458 1243 2521 que
1261 2437 1423 2521 quondam

317 2540 455 2624 apellata
477 2548 527 2606 est
550 2540 720 2625 Geddingc
742 2547 776 2605 et
789 2539 974 2620 Wudutun,
998 2546 1180 2605 aratrorum
1204 2559 1285 2619 1111,
1310 2546 1423 2604 contu·

315 2643 412 2707 limus
427 2642 462 2707 in
475 2651 668 2728 perpetuum
683 2643 902 2727 posidendam‚
918 2649 1040 2710 etcum
1053 2644 1204 2708 omnibus
1226 2643 1267 2708 ad
1288 2643 1423 2708 eandem

315 2747 552 2831 pertinentibus
575 2747 686 2832 pratis,
717 2747 849 2831 campis,
873 2746 973 2827 silvis,
996 2747 1133 2831 pascuis,
1157 2753 1190 2812 et
1214 2747 1361 2831 quicquit
1382 2746 1423 2811 ad

314 2851 531 2934 supradictam
553 2858 673 2915 terram
698 2851 851 2934 pertinet,
871 2872 891 2914 a
908 2857 1063 2934 quattuor
1079 2849 1235 2934 partibus,
1253 2850 1422 2928 horientis,

314 2954 501 3032 occidentis,
520 2954 690 3037 aquilonis,
712 2960 745 3018 ct
763 2954 909 3031 meridie,
927 2962 985 3019 tuo
1002 2953 1100 3018 husui
1118 2961 1151 3019 et
1168 2953 1289 3018 familie
1306 2962 1373 3032 tue,
1389 2961 1423 3018 et

314 3057 530 3120 remisionem·
552 3054 677 3128 delictis
707 3056 828 3119 nostris
857 3056 1037 3141 ditionique
1067 3056 1242 3136 subiciatis,
1272 3056 1423 3135 teneatis,

313 3157 497 3242 posideatis,
531 3156 667 3236 donetis,
698 3149 915 3237 commutetis,
953 3159 1155 3238 venundetia,
1193 3158 1244 3224 vel
1276 3159 1423 3243 quicquit

314 3259 429 3325 exinde
459 3259 564 3324 facere
593 3260 771 3339 volueritis,
800 3261 935 3326 liberam
965 3262 1087 3326 abeatis
1116 3269 1320 3346 potestatem,
1350 3283 1420 3327 suc-

315 3384 522 3447 cessoresque
540 3363 638 3427 vestri
662 3363 848 3444 defendant,
869 3365 904 3428 in
925 3372 1137 3449 perpetuum,
1167 3385 1345 3448 numquam
1368 3386 1421 3428 me

314 3466 489 3550 eredesque
518 3465 583 3530 mei
611 3473 725 3531 contra
753 3467 837 3532 hanc
866 3468 1024 3531 cartulam
1048 3467 1272 3552 descriptionis
1300 3475 1421 3531 nostrae

314 3569 486 3653 aliquando
503 3591 573 3633 esse
595 3577 759 3634 venturos.
806 3569 859 3634 Ad
880 3570 974 3654 cujus
996 3570 1164 3634 cumulum
1185 3570 1284 3634 etiam
1303 3571 1420 3635 confir-

312 3671 475 3748 mationis,
506 3670 660 3754 cespitem
695 3671 769 3735 nius
806 3671 989 3755 supradicte
1021 3679 1108 3736 terre
1143 3693 1240 3756 super
1272 3679 1420 3735 sanctum

312 3774 415 3839 altare
430 3773 604 3838 Salvatoris
620 3775 724 3858 posui,
736 3782 779 3854 et,
795 3775 926 3858 propria
940 3797 1050 3854 manu,
1059 3797 1119 3859 pro
1133 3775 1318 3859 ignorantia
1330 3776 1419 3839 litte-

310 3899 432 3956 rarum,
451 3877 580 3960 signum
604 3885 714 3942 sancte
738 3879 844 3941 crucis
868 3879 904 3941 in
927 3899 965 3942 ac
991 3879 1116 3942 cartula
1132 3879 1294 3962 expressi,
1317 3887 1368 3942 set
1385 3886 1420 3942 et

311 3979 476 4062 Cenegi'oa
490 3978 575 4042 idem
590 3978 676 4058 fecit,
686 3979 911 4064 principesque
928 3981 1004 4059 mei,
1019 3988 1058 4044 ut
1077 3981 1147 4064 pari
1165 3980 1263 4045 modo
1282 3980 1421 4064 propriis

308 4082 457 4154 manibus
487 4082 640 4160 facerent,
670 4083 790 4166 rogavi,
823 4104 962 4167 quorum
991 4083 1125 4147 nomina
1154 4084 1266 4148 subter
1295 4084 1420 4148 adnexa

309 4192 396 4248 sunt.
443 4184 479 4248 Si
493 4185 576 4269 quis,
592 4185 676 4268 quod
694 4185 787 4268 apsit,
804 4192 918 4250 contra
935 4207 996 4249 anc
1015 4185 1173 4249 cartirlmn
1187 4207 1207 4249 a
1220 4207 1273 4248 me
1288 4185 1420 4263 factam,

312 4288 386 4370 ¹ego
411 4289 521 4352 eredes
546 4285 631 4366 mei',
652 4289 814 4352 contraire
831 4288 1066 4371 presumserint
1083 4288 1235 4352 noverint
1252 4311 1287 4352 se
1307 4311 1327 4352 a
1346 4311 1420 4372 par·

787 4415 805 4446 ¹¹
825 4413 871 4467 Sic
884 4413 943 4466 MS.
