3234 5125
314 439 350 493 96
587 441 907 497 MiscELLANnoUs
929 442 1144 499 OHAR'PERS.

314 608 408 693 hyde,
426 620 458 675 et
474 612 585 698 Minty
599 612 652 676 uif
661 611 757 698 hyde,
773 620 806 676 st
823 612 998 678 Rodbmne
1012 614 1080 678 tien
1095 613 1191 699 hyde.
1233 613 1278 676 Et
1292 613 1348 697 qui
1359 613 1422 678 hoc

315 733 414 796 auger
427 715 574 794 voluerit,
589 723 705 798 augeat
721 716 811 780 Deus
825 715 911 780 bons
929 717 1017 780 illius
1034 717 1070 780 in
1083 716 1216 801 regione
1231 717 1419 780 viventium:

316 815 352 879 Si
372 817 443 900 quis
467 827 586 897 sutem,
607 817 765 883 diabolice
786 819 900 884 froude
919 805 1082 904 deceptus,
1105 821 1140 884 iu
1162 820 1289 903 mugnis
1311 820 1420 885 autin

314 920 458 999 modicis,
473 920 534 986 boo
554 921 729 1005 infringere
740 923 801 987 'vel
819 922 965 986 minuere
986 923 1203 1006 temptaverit,
1222 922 1264 986 sit
1285 923 1419 986 anathe-

314 1021 483 1087 matizatus
502 1023 543 1088 ab
562 1023 712 1088 omnibus
727 1024 876 1089 fidelibus
896 1025 949 1089 hic
974 1033 1008 1089 et
1030 1025 1066 1089 in
1084 1025 1197 1090 futuro
1218 1025 1337 1105 seculo,
1355 1025 1420 1090 nisi

312 1132 408 1189 antee
421 1147 478 1208 per
492 1125 743 1191 satisfactionem
759 1127 989 1192 emendaverit.

365 1231 406 1310 ›1‹
420 1229 490 1312 Ego
505 1229 663 1292 AEcelwlf
669 1251 725 1293 rex
742 1229 892 1294 consensi
905 1237 940 1294 ct
956 1229 1141 1315 subscripsi.
1188 1235 1229 1314 ›1‹
1245 1233 1317 1315 Ego
1327 1232 1419 1295 Elm-

311 1338 384 1396 stcn
412 1332 581 1416 episcopus
597 1329 779 1416 subscripsi.
857 1335 898 1414 ›1‹
914 1333 985 1415 Ego
999 1333 1130 1398 AElstsn
1151 1335 1320 1417 episcopus
1343 1335 1418 1399 sub·

310 1434 431 1518 scripsi.
479 1436 518 1517 ›1‹
535 1436 607 1517 Ego
624 1433 781 1499 AEllelwlf
791 1433 856 1498 dux
870 1433 1054 1519 subscripsi.
1101 1439 1142 1518 ›1‹
1158 1437 1229 1520 Ego
1243 1436 1338 1501 Osric
1353 1435 1418 1500 dux

309 1536 491 1621 subscripsi.
538 1539 579 1618 ›1‹
595 1539 667 1620 Ego
681 1536 809 1601 Esnwlf
820 1535 886 1600 dux
900 1537 1083 1622 subscripsi.
1129 1541 1169 1622 '1⁴
1185 1540 1257 1622 Ego
1271 1539 1418 1604 AEllelric

309 1639 374 1702 dux
385 1639 568 1722 subscripsi.
606 1642 647 1721 ›1‹
659 1641 729 1723 Ego
738 1640 954 1704 Ceenwlfdux
965 1641 1147 1725 subscripsi.
1187 1643 1227 1724 ᾧ
1238 1642 1309 1725 Ego
1321 1642 1416 1706 Cesrl

309 1740 374 1805 dux
390 1740 570 1826 subscripsi.
602 1743 641 1824 ›1‹
658 1743 730 1825 Ego
744 1742 1056 1812 AEcelmundabbas
1070 1744 1253 1829 subscripsi.
1292 1746 1416 1828 fflEgo

310 1843 425 1908 Wlflsf
434 1844 533 1909 obbas
543 1844 729 1928 subscripsi.
772 1846 812 1927 ᾖ
829 1847 901 1928 Ego
916 1839 1104 1911 Beorhtelm
1118 1847 1217 1911 ebbss
1231 1847 1414 1932 subscripsi.

310 1947 433 2030 ›1⁴1Ego
444 1946 609 2030 AEghesrd
623 1947 780 2010 minister.
817 1949 940 2032 ›1sllgo
951 1948 1071 2012 Milred
1085 1949 1242 2013 minister.
1289 1953 1330 2032 ›1‹
1342 1952 1414 2034 Ego

308 2049 456 2114 Osmund
470 2049 627 2115 minister.
673 2053 714 2132 ›1‹
730 2052 801 2133 Ego
816 2051 904 2114 AElls
919 2051 1076 2116 minister.
1122 2055 1163 2134 ›1‹
1179 2054 1250 2136 Ego
1264 2052 1415 2117 Wllhere

306 2151 472 2234 minister.
533 2157 572 2235 >1⁴
589 2154 660 2236 Ego
682 2151 826 2216 AElfstsn
854 2153 1011 2218 minister.
1080 2156 1120 2237 ᾧ
1137 2157 1209 2238 Ego
1232 2155 1414 2220 Ceolmund

306 2255 463 2320 minister.
523 2259 564 2338 ›1‹
579 2257 651 2340 Ego
669 2254 850 2341 Kynehesh
869 2256 1025 2320 minister.
1085 2258 1214 2339 ›14Ego
1233 2258 1413 2342 Kyueheeh

306 2359 463 2423 minister.
525 2362 564 2440 ᾖ
581 2359 653 2442 Ego
671 2357 789 2422 Dudde
811 2359 969 2424 minister.
1031 2360 1071 2441 ᾧ
1088 2361 1160 2444 Ego
1174 2361 1330 2424 AEbclred
1352 2361 1411 2424 mi·

306 2461 418 2525 nister.
465 2463 504 2544 ›1‹
521 2464 592 2545 Ego
603 2461 757 2544 Wihtgar
766 2461 923 2525 minister.
970 2466 1010 2544 '1⁴
1026 2463 1098 2546 Ego
1114 2463 1241 2528 Esdred
1253 2463 1413 2527 minister.

307 2569 346 2647 »1⁴
360 2568 431 2650 Ego
440 2565 613 2630 AEselbald
625 2564 781 2629 minister.
820 2568 861 2647 ›1‹
872 2566 943 2649 Ego
953 2566 1087 2650 Lulling
1096 2566 1255 2631 minister.
1288 2570 1328 2648 ᾖ
1341 2568 1413 2649 Ego

197 2662 200 2669 ’
305 2668 483 2736 Ceslmund
499 2668 655 2735 minister.

611 2936 1103 2946 ψ-

428 3128 528 3182 KING
546 3127 794 3183 AETHELUULF
812 3128 861 3183 OF
878 3128 1044 3183 WFSSEX.
1081 3128 1292 3185 Decorus.

348 3279 388 3357 ᾖ
405 3276 448 3339 ln
471 3274 601 3339 nomine
625 3275 688 3339 Dei
711 3276 829 3340 summi
857 3276 955 3360 Regis
980 3277 1103 3342 eterni.
1148 3277 1342 3361 Plerumque
1360 3286 1409 3342 et·

302 3378 389 3443 enim
404 3378 590 3461 contingere
604 3378 685 3442 solet
700 3386 803 3442 utres
818 3400 970 3462 possessae
984 3379 1182 3444 hrereditstis
1196 3380 1360 3463 acquisitae
1374 3380 1410 3444 in

302 3482 542 3545 contentionem
556 3481 716 3565 plerisque
735 3488 769 3545 et
786 3482 1004 3547 altercationis
1020 3482 1208 3547 conflictum
1223 3483 1408 3561 deveniunt,

301 3584 365 3647 nisi
385 3605 459 3647 cum
479 3584 602 3648 idoneis
620 3583 771 3663 testibus,
789 3593 822 3650 et
840 3578 1130 3669 subscriptionibus
1148 3586 1354 3669 sapientium,
1375 3594 1409 3649 et

302 3686 446 3751 fidelium
465 3707 671 3769 personarum
695 3688 890 3752 testimoniis
911 3696 1050 3752 msctote
1072 3696 1105 3751 et
1127 3689 1317 3752 confirmate
1338 3688 1409 3753 fue-

300 3790 377 3855 rint.
423 3790 628 3874 Quapropter
648 3790 807 3874 sepientes
828 3790 988 3853 salubrem
1008 3791 1180 3855 consilium
1198 3790 1408 3873 prudentium

300 3900 460 3977 querunt,
476 3900 509 3956 et
526 3892 798 3977 cyrographorum
818 3893 1033 3971 cautionibus,
1049 3900 1082 3956 et
1105 3893 1308 3957 heroicorum
1323 3894 1407 3957 viro·

300 4019 371 4061 rum
387 3995 580 4061 testimoniis
594 3996 836 4075 confirmentur,
848 4017 890 4060 ne
905 3996 1117 4079 imposterum
1132 3994 1294 4079 aliquibus
1308 3996 1406 4059 elter-

300 4100 490 4177 cstionibus,
513 4100 562 4163 vel
585 4084 831 4182 scrupulo'lulsi
853 4098 1044 4182 suspicionis
1065 4105 1326 4182 corrumpuntur,
1349 4107 1407 4161 sut

300 4204 418 4267 nebulo
432 4202 622 4285 ignorantie
636 4201 670 4263 in
685 4202 792 4285 aliquo
806 4200 961 4266 fuscetur.
1000 4200 1126 4264 Idcirco
1141 4201 1261 4264 etenim
1277 4201 1406 4279 Osuull‚

303 4306 363 4370 Dei
383 4306 488 4388 gretia
510 4304 575 4369 dux
598 4310 693 4386 etque
713 4302 860 4387 princeps
882 4302 1053 4385 provincie
1074 4303 1250 4368 Orientalis
1269 4302 1404 4382 Centiae,

300 4409 386 4471 circs
407 4430 473 4473 suae
496 4406 632 4490 proprie
654 4406 852 4471 hereditatis
869 4407 945 4489 jura
962 4413 1101 4473 tractare
1120 4406 1246 4469 studuit
1257 4433 1267 4484 ;
1294 4412 1328 4469 et
1344 4406 1406 4470 hoc
