3234 5125
305 424 359 478 400
581 423 901 480 MISOELLANEOUS
921 421 1133 478 CHARTERS.

446 651 542 706 KING
561 650 760 706 EADWARD
777 648 856 703 THE
874 645 1100 703 CONFFSSOR,
1138 643 1280 698 MLXVI.

351 803 391 881 ›1‹
408 799 450 862 In
469 797 600 862 nomine
626 805 744 862 sanctae
774 807 807 861 et
832 795 1007 860 individuae
1026 794 1205 859 Trinitatis.
1250 794 1322 874 Ego
1342 790 1407 856 Ed-

306 900 431 963 wsrdus
462 898 628 964 AEbehedi
657 899 742 980 regis
773 898 870 976 lilius,
901 898 1007 980 gratia
1035 896 1098 960 Dei
1128 895 1310 978 Anglorum
1342 914 1408 971 rex,

306 1002 424 1065 futuris
448 1009 520 1085 post
543 1023 596 1066 me
619 1001 759 1084 regibus,
784 1007 818 1064 et
845 1001 990 1064 omnium
1019 998 1217 1081 dignitatum
1247 996 1409 1080 gradihus,

306 1105 515 1187 omniumque
527 1111 651 1167 etatum
666 1103 852 1167 hominibus
868 1103 1015 1178 salutem,
1027 1109 1060 1164 et
1071 1100 1169 1182 hujus
1183 1099 1230 1162 rei
1244 1097 1408 1162 noticiam.

309 1207 398 1270 Scire
412 1227 467 1270 vos
484 1205 555 1269 volo
580 1205 732 1288 quoniam
757 1213 902 1287 tempore
928 1224 1060 1266 avorum
1081 1223 1227 1266 meorum
1243 1201 1408 1284 patrisque

307 1307 371 1372 mei
396 1307 501 1370 multa
526 1316 559 1370 et
584 1307 694 1390 gravia
716 1306 874 1370 bellorum
903 1305 1047 1388 pericula
1072 1304 1255 1368 afflixeram
1279 1309 1409 1385 gentem

306 1409 497 1492 Anglorum,
513 1416 546 1472 et
560 1409 646 1492 ipsos
671 1415 739 1471 tam
760 1429 779 1470 a
799 1407 866 1470 suis
881 1429 978 1491 quam
1001 1407 1042 1470 ab
1060 1406 1220 1470 extraneis
1238 1405 1406 1482 concitata,

307 1511 387 1576 adeo
415 1519 453 1574 ut
482 1531 564 1594 pene
593 1510 775 1594 periclitata
804 1509 848 1572 sit
875 1508 1071 1572 hereditaria
1099 1529 1212 1592 regum
1241 1507 1409 1585 successio,

307 1634 526 1696 magnumque
546 1611 759 1676 interstitium
782 1611 869 1675 inter
893 1611 1029 1674 fratrem
1054 1630 1162 1674 meum
1188 1605 1408 1686 Edmuirdum,

308 1717 363 1798 qui
381 1716 465 1800 petri
480 1735 553 1778 meo
568 1723 696 1778 mortuo
711 1713 875 1792 successit,
892 1734 1008 1796 meque
1025 1711 1173 1777 habitum
1188 1712 1241 1790 sit,
1256 1711 1408 1775 invaden-

308 1818 395 1883 tibus
417 1839 552 1901 regnum
573 1819 745 1900 Suuegcno
763 1823 796 1880 et
812 1817 943 1886 cnutho
963 1816 1030 1880 filio
1052 1815 1133 1900 ejus,
1153 1814 1282 1898 regibus
1297 1815 1407 1878 Dano-

307 1941 390 1997 rum,
401 1941 437 1984 ae
452 1919 526 1983 filiis
541 1919 641 2003 ipsius
657 1918 791 1997 Cnuthi,
805 1918 951 1982 Haroldo
961 1927 995 1982 et
1007 1918 1251 1996 Hardecnutho,
1263 1939 1282 1980 a
1293 1915 1408 2000 quibua

308 2021 409 2086 eciam
426 2022 506 2085 alter
521 2042 612 2085 meus
627 2020 888 2084 iraterAlfredus
903 2020 1076 2084 crudeliter
1089 2020 1212 2084 occisus
1233 2027 1293 2097 est,
1305 2020 1406 2083 eolus·

308 2144 379 2207 que,
396 2123 480 2187 sicut
494 2125 515 2186 J
517 2143 572 2187 oss
598 2123 789 2188 occisionem
805 2123 957 2201 Otholioe,
974 2123 1020 2186 sic
1039 2143 1099 2205 ego
1119 2123 1250 2186 illorum
1270 2122 1405 2186 crudeli-

307 2233 409 2290 tatem
426 2225 522 2288 evasi.
568 2224 712 2288 Tandem
729 2233 879 2308 respectu
896 2223 1122 2289 misericordiae
1136 2223 1199 2287 Dei
1213 2232 1287 2308 post
1300 2224 1407 2307 plures

307 2348 406 2390 annos
433 2347 493 2410 ego
511 2325 687 2390 Edwardus
711 2326 751 2389 ad
776 2334 949 2410 paternum
971 2347 1108 2408 regnum
1134 2326 1296 2405 reaccessi
1317 2334 1350 2390 et
1369 2347 1407 2390 eo

305 2431 429 2513 potitus
443 2430 512 2493 aine
523 2430 589 2493 ullo
603 2429 762 2494 bellorum
776 2430 896 2508 labore,
907 2429 991 2494 sicut
1007 2428 1153 2493 amabilis
1162 2430 1234 2493 Deo
1244 2430 1407 2508 Salomon,

305 2539 399 2596 tanta
413 2552 490 2616 pace
506 2539 539 2595 et
553 2552 661 2596 rerum
677 2531 843 2615 opulentia
856 2530 1028 2610 abundavi,
1043 2539 1081 2595 ut
1093 2531 1204 2595 nullus
1218 2531 1408 2597 anteceden-

306 2636 392 2701 eium
415 2656 529 2719 regum
556 2636 669 2699 similis
693 2635 758 2697 mei
781 2634 936 2699 fueritin
966 2635 1069 2718 gloria
1098 2642 1132 2699 et
1154 2633 1285 2698 divitiis.
1343 2635 1408 2698 Sed

305 2738 413 2821 gracia
427 2738 491 2801 Dei
509 2758 576 2802 non
598 2758 661 2815 me,
677 2744 714 2799 ut
729 2737 858 2816 assolet,
873 2758 912 2801 ex
927 2736 1097 2820 opulencia
1118 2736 1267 2820 superbia
1286 2744 1319 2800 et
1333 2757 1408 2800 con·

304 2848 446 2923 temptus
463 2840 592 2917 invasit,
607 2838 708 2901 immo
723 2839 794 2922 cepi
809 2839 962 2921 cogitare,
979 2839 1071 2922 cujus
1086 2838 1171 2902 dono
1186 2846 1220 2902 et
1234 2839 1352 2902 auxilio
1367 2838 1408 2901 ad

305 2940 396 3025 regni
419 2941 546 3005 culmen
570 2940 665 3019 evasi,
682 2940 835 3023 quoniam
851 2941 946 3004 “Dei
971 2948 1021 3003 est
1043 2961 1190 3023 regnum,
1209 2948 1242 3004 et
1264 2941 1317 3005 cui
1340 2942 1409 3004 vult

305 3043 382 3107 dare
395 3044 510 3122 illud,’'
522 3050 555 3106 et
566 3042 641 3126 quia
657 3046 677 3076 “
689 3041 830 3105 mundus
844 3042 960 3105 transit
971 3049 1004 3106 et
1019 3043 1282 3126 concupiscencia
1296 3045 1365 3128 ejus
1374 3046 1409 3122 ;'’

306 3146 362 3228 qui
380 3152 488 3208 autem
508 3151 615 3207 totum
639 3164 673 3207 se
699 3143 808 3207 subdit
828 3143 899 3207 Deo
920 3144 1058 3207 feliciter
1071 3132 1187 3229 regnat
1208 3153 1242 3209 et
1258 3154 1407 3229 perpetu·

308 3246 401 3309 aliter
415 3245 503 3309 dives
518 3253 576 3309 est.
621 3246 738 3327 Itaque
762 3244 935 3308 deliberavi
958 3244 1005 3309 ire
1025 3246 1066 3309 ad
1088 3246 1202 3310 limina
1220 3247 1408 3311 sublimium

306 3347 524 3431 apostolorum
538 3347 628 3411 Petri
643 3354 675 3411 et
691 3347 794 3425 Pauli,
809 3354 843 3409 et
866 3346 912 3411 ibi
936 3347 1058 3430 gracias
1082 3368 1177 3427 agere
1201 3370 1260 3432 pro
1283 3350 1408 3414 collatis

306 3448 478 3527 beneficiis,
495 3456 528 3513 et
542 3468 672 3513 exorare
687 3456 724 3511 ut
739 3468 811 3511 eam
829 3468 941 3531 pacem
959 3450 1103 3513 firmaret
1118 3449 1207 3513 Deus
1222 3458 1408 3534 perpetuum

305 3550 387 3614 mihi
402 3558 435 3613 et
444 3550 579 3634 posteris
594 3550 683 3615 meis.
714 3550 885 3632 Preparavi
901 3570 978 3633 ergo
993 3556 1027 3613 et
1037 3550 1239 3615 dinumeravi
1254 3573 1408 3635 expensae

305 3652 501 3716 necessarias
523 3652 642 3730 itineri,
670 3660 703 3715 et
725 3651 928 3715 honorabilia
952 3652 1038 3715 dona
1060 3674 1122 3736 que
1147 3654 1265 3718 ferrem
1288 3656 1409 3718 sanctis

305 3754 467 3838 apostolis.
503 3753 568 3817 Sed
587 3754 692 3837 gravis
712 3775 808 3837 super
822 3754 883 3818 hac
897 3775 932 3817 re
948 3776 1063 3819 maeror
1077 3754 1217 3819 habebat
1235 3756 1408 3840 optimates

305 3878 402 3935 meos,
424 3862 537 3939 utpote
560 3876 716 3919 memores
739 3854 981 3939 malorumque
1003 3856 1153 3920 subaliis
1178 3857 1309 3942 regibus
1334 3880 1407 3942 per-

304 3958 456 4036 tulerant,
471 3978 514 4021 ne
528 3965 620 4020 tanto
638 3956 769 4021 domino
789 3965 823 4021 et
837 3958 891 4041 pio
905 3959 1008 4040 patrie
1023 3980 1098 4041 rege
1113 3958 1254 4038 absente,
1269 3980 1406 4043 regnum

303 4060 429 4125 noviter
443 4058 600 4137 sedatum,
612 4058 718 4141 aliqua
731 4059 918 4124 turbaretur
932 4059 1122 4140 hostilitate,
1132 4070 1165 4126 et
1177 4070 1358 4126 metuentes
1373 4062 1407 4126 id

303 4160 389 4243 quod
404 4167 438 4223 et
452 4168 583 4223 sanctus
592 4160 757 4239 Ezechias,
769 4181 811 4224 ne
827 4160 854 4223 si
868 4162 952 4225 forte
966 4162 1002 4224 in
1016 4163 1069 4226 vie
1082 4171 1139 4226 aut
1154 4162 1337 4246 egritudine
1352 4173 1409 4227 aut

303 4263 367 4326 alio
381 4261 586 4326 incommodo
600 4262 778 4341 deficerem,
790 4262 993 4327 hereditariis
1008 4264 1138 4347 regibus
1152 4272 1308 4343 carerent,
1318 4288 1408 4329 max·

302 4364 367 4427 ime
390 4364 475 4446 quod
494 4364 619 4427 nullum
641 4363 799 4427 habebam
815 4365 927 4428 filium.
974 4366 1090 4449 Itaque
1111 4367 1277 4431 communi
1296 4367 1407 4431 habito
