3234 5125
483 414 803 470 MISOELLANEOUS
822 415 1036 472 curamus.
1278 419 1313 472 96

208 582 358 647 omnibus
387 584 583 650 saecularibus
611 587 831 666 servibitibus,
861 587 946 652 fiscis
981 587 1153 672 regalibus,
1182 588 1315 653 tributis

208 685 384 769 majoribus
405 695 438 752 ct
457 689 648 769 minoribus,
669 691 735 754 aive
754 690 974 756 taxationibus
990 713 1062 776 quoe
1076 714 1136 756 nos
1158 691 1313 757 dicimus¹

209 787 433 855 Uuintcreden
443 816 452 869 ;
479 792 585 876 sitque
602 793 706 858 libera
728 794 875 858 omnium
893 815 1022 873 rernm3
1050 817 1108 880 pro
1127 794 1315 860 remissione

208 891 390 956 animarum
405 902 439 957 et
452 903 657 978 peccatorum
670 903 867 976 nostrorum,
883 897 954 961 Deo
969 897 1030 961 soli
1045 898 1085 962 ad
1099 897 1314 976 serviendum,

209 993 278 1058 sine
293 995 504 1084 erpeditione,
517 1005 551 1061 et
565 999 674 1081 pontis
688 999 914 1078 instructione,
925 1007 959 1064 et
973 1000 1055 1064 arcis
1070 999 1262 1078 munitione,
1277 1007 1316 1063 ut

209 1117 247 1160 eo
261 1097 447 1180 diligentius
466 1121 522 1183 pro
544 1099 637 1164 nobis
655 1101 695 1165 ad
711 1101 819 1166 Deum
833 1121 942 1185 preces
961 1102 1032 1166 sine
1051 1102 1227 1167 cessatione
1240 1102 1314 1166 fun-

209 1198 297 1279 dant,
324 1221 388 1284 quo
408 1222 519 1266 eorum
536 1204 724 1268 servitutem
743 1204 921 1268 secularem
943 1203 979 1267 in
997 1205 1104 1288 aliqua
1126 1212 1218 1289 parte
1235 1205 1313 1269 levi-

208 1323 331 1386 gemus.
376 1304 502 1369 Placuit
517 1314 625 1370 autem
642 1313 722 1370 tune
739 1313 852 1390 postca
866 1307 1022 1391 episcopis
1036 1307 1196 1372 Alhstano
1209 1309 1315 1372 Scire·

208 1404 379 1469 burnensis
393 1407 543 1486 ecclesiae,
560 1416 593 1472 et
610 1408 803 1473 Helmstano
812 1408 1138 1474 Wintsnceastrcnsis
1152 1410 1313 1488 aecclcsiae,

209 1529 283 1572 cum
300 1507 367 1572 auis
387 1508 557 1574 abbatibus
580 1516 613 1574 et
636 1511 736 1576 servis
756 1511 830 1590 Dei,
849 1513 1019 1576 consilium
1034 1512 1126 1592 inire,
1144 1521 1183 1576 ut
1200 1535 1314 1578 omnes

208 1610 324 1675 fratres
347 1617 381 1675 et
406 1633 531 1676 sorores
559 1613 665 1678 nostri
689 1614 726 1676 in
749 1636 943 1698 unaquaque
972 1615 1116 1694 ecclesia,
1138 1616 1228 1680 omni
1257 1615 1312 1681 eb·

210 1712 346 1778 domsda
368 1715 529 1780 Mereoris
550 1715 613 1795 die,
638 1717 700 1786 hcc
730 1725 780 1782 cst
800 1717 1026 1802 Wodnesdaeg,
1050 1718 1156 1782 omnis
1179 1740 1313 1803 congre·

208 1817 296 1898 gatio
310 1825 420 1882 cantet
437 1817 672 1903 quinquaginta
693 1820 845 1904 psalmos,
861 1828 895 1886 et
914 1821 1136 1905 unusquisque
1154 1821 1314 1906 presbiter

209 1918 288 1984 duas
304 1920 428 2000 missas,
447 1943 545 1985 unam
567 1943 625 2006 pro
645 1944 721 2004 rege
740 1923 912 2001 Adelwlfo,
930 1934 965 1987 ct
988 1924 1085 1987 sliam
1102 1945 1160 2008 pro
1178 1924 1314 1990 ducibus

209 2023 277 2106 ejus
291 2023 368 2086 huic
381 2022 467 2087 dono
481 2025 766 2105 consentientibus,
783 2047 842 2110 pro
856 2027 1006 2092 meroede
1025 2035 1059 2090 et
1076 2027 1243 2111 refrigerio
1257 2027 1313 2092 de·

208 2125 360 2190 lictorum
382 2147 513 2190 suorum
525 2153 540 2192 ε’
556 2149 615 2210 pro
637 2149 713 2212 rege
734 2129 873 2207 vivente,
891 2133 912 2164 “
922 2129 1013 2194 Dens
1035 2129 1090 2212 qui
1105 2130 1266 2212 justificas
1274 2131 1296 2161 '’
1302 2156 1312 2207 ;

209 2249 266 2312 pro
295 2229 430 2294 ducibus
458 2230 650 2312 viventibus,
681 2232 881 2296 “Praetende
908 2231 1075 2296 Domini.''
1135 2232 1312 2315 Postquam

208 2341 316 2396 autem
334 2331 476 2396 defuncti
493 2332 624 2412 fuerint,
645 2356 703 2418 pro
725 2355 801 2417 rege
823 2334 985 2413 defuncto,
1005 2334 1231 2417 singidnriter3
1254 2356 1314 2419 pro

207 2435 405 2519 principibus
423 2434 593 2514 defimctis,
610 2437 835 2502 communiter.
881 2439 926 2502 Et
943 2437 1005 2502 hoc
1027 2437 1070 2501 sit
1086 2445 1155 2500 tam
1176 2437 1314 2502 firmiter

208 2539 421 2603 constitutum
444 2537 594 2603 omnibus
619 2538 732 2605 diebus
755 2539 1021 2619 Christianitatis,
1055 2539 1159 2623 [qnasi
1180 2539 1313 2605 libertas

207 2642 384 2705 constituta
398 2642 460 2727 est]
482 2642 636 2726 quamdiu
651 2642 730 2707 fides
744 2643 861 2707 crescit
874 2642 910 2705 in
924 2650 1021 2725 gente
1028 2642 1223 2725 Anglorum.
1268 2644 1314 2709 Et

206 2745 268 2809 hoc
282 2743 342 2809 snb
357 2744 542 2809 testimonio
557 2754 723 2829 satrapum
740 2754 926 2809 nostrorum
941 2744 1164 2829 plurimorum,
1180 2745 1221 2809 ad
1236 2767 1312 2809 con-

206 2847 422 2911 firmationem
438 2869 574 2931 quorum
584 2849 717 2912 nomina
726 2847 838 2912 subter
846 2868 971 2911 annexa
981 2853 1148 2910 notantur.
1186 2847 1313 2930 Scripta

206 2958 255 3015 cst
269 2958 378 3015 autem
389 2950 457 3014 haee
466 2950 647 3014 donationis
662 2950 785 3015 cartula
794 2971 879 3013 anno
888 2949 1068 3013 Dominicae
1081 2949 1313 3012 incarnationis

206 3074 424 3133 noccxnurr„
440 3052 623 3117 Indictione
638 3074 710 3131 vin,
726 3052 778 3117 die
792 3074 919 3137 quoquc
934 3074 1092 3116 nonarum
1107 3051 1312 3130 Novembris,

205 3158 241 3221 in
270 3156 400 3222 civitate
421 3156 594 3234 chtana,
618 3156 653 3219 in
682 3155 816 3220 ecelesia
839 3156 951 3220 Sancti
981 3154 1081 3233 Petri,
1107 3162 1183 3219 ante
1212 3154 1314 3218 altare

207 3259 342 3344 capitale
351 3285 361 3337 ς
385 3266 417 3323 et
435 3257 497 3322 hoc
514 3258 661 3323 fecerunt
677 3279 736 3342 pro
754 3258 878 3323 honore
897 3259 1010 3322 Sancti
1029 3257 1201 3322 Michaelis
1220 3257 1312 3321 arch·

206 3364 322 3447 angeli,
344 3370 377 3427 ct
401 3364 527 3425 Sanctae
547 3360 662 3425 Mariae
678 3361 799 3443 reginoe
821 3361 968 3445 gloriosse
987 3361 1049 3424 Dei
1071 3360 1246 3443 genitricis,
1270 3360 1312 3424 si·

206 3466 337 3549 mulque
352 3471 386 3529 et
402 3462 487 3529 beati
498 3462 586 3527 Petri
602 3464 821 3547 apostolorum
838 3463 1002 3548 principis,
1018 3485 1146 3528 necnon
1160 3471 1194 3528 et
1208 3464 1314 3527 wncti

206 3568 306 3651 patris
326 3566 428 3631 nostri
446 3566 596 3649 Gregorii
618 3587 719 3650 papae,
739 3576 836 3651 atque
857 3566 1003 3631 omnium
1026 3574 1223 3631 sanctorum.
1269 3567 1314 3631 Et

203 3678 294 3749 tunc,
309 3692 369 3754 pro
389 3668 536 3752 ampliori
558 3669 722 3748 firmitate,
740 3690 797 3733 rex
813 3669 1004 3734 AEdelwlius
1022 3670 1133 3753 posuit
1155 3670 1312 3733 cartusiam

205 3794 303 3857 supra
316 3772 416 3837 altare
432 3772 544 3835 Sancti
558 3771 657 3850 Petri,
668 3779 701 3836 ct
718 3772 858 3856 episcopi
872 3794 931 3857 pro
945 3773 1010 3836 fide
1025 3773 1087 3838 Dei
1102 3780 1312 3856 acceperunt;

206 3886 238 3941 et
252 3884 363 3960 postea
376 3896 434 3959 per
447 3896 560 3939 omnes
575 3874 724 3939 ccclesias
740 3876 990 3940 transmiserunt
1009 3876 1045 3938 in
1062 3876 1129 3939 suis
1143 3873 1312 3957 parochiis,

205 3982 382 4045 secundum
402 3978 488 4063 quod
511 3978 699 4063 praedictum
717 3986 775 4042 est.
822 3978 921 4042 Terra
941 3987 1050 4042 autem
1068 3978 1132 4041 ista
1157 3998 1253 4060 quam
1276 3976 1313 4039 in

203 4084 387 4149 libertatem
411 4102 568 4167 ponamus
598 4082 638 4145 ad
663 4081 1029 4165 Meldunesburgensem
1051 4079 1218 4144 ecclesiam
1239 4099 1311 4161 per-

88 4171 91 4179 ’
204 4186 296 4252 tinet.
341 4188 417 4251 Daet
440 4185 468 4249 is
491 4194 525 4248 at
545 4184 727 4249 Ellendune
741 4185 827 4272 prity
846 4184 941 4269 hyde,
962 4204 981 4266 ]
1005 4191 1047 4248 aet
1068 4180 1312 4247 Elmhamstede

204 4290 324 4375 fyitene
354 4289 449 4375 hyde,
476 4296 517 4352 aet
544 4288 682 4351 thune
711 4288 779 4353 tien
809 4286 904 4371 hyde,
928 4295 961 4351 et
983 4286 1161 4350 Cherltunc
1183 4283 1312 4365 tuentig

661 4408 667 4436 ¹
687 4402 863 4460 Witerffidcn.
