3234 5125
325 418 361 471 32
601 418 924 475 MISOELLANEOUS
942 420 1157 475 cuarvens,

326 583 441 650 baldus
469 586 674 652 Meroionum
711 588 812 673 [rex],
838 591 935 673 juxta
963 590 1153 674 petitionem
1181 596 1332 666 vestram,
1360 586 1435 664 tibi,

328 687 500 772 Esdburge
521 690 681 755 abbatisse
695 698 815 776 tueque
832 692 954 757 familie
972 691 1174 756 conversanti
1188 691 1224 755 in
1236 688 1434 754 monasterio

328 790 420 855 beate
435 792 498 856 Dei
512 793 676 876 genitricis
696 794 813 873 Maria,
829 795 916 879 quod
938 796 1037 859 situm
1051 795 1150 859 estin
1165 793 1270 857 insula
1284 791 1434 869 Thaneti,

328 914 455 959 necnon
474 902 507 960 et
526 896 561 959 in
581 896 776 961 monasterio
796 897 1013 981 apostolorum
1027 897 1117 961 Petri
1130 904 1164 960 et
1178 895 1280 973 Pauli,
1296 895 1382 979 quod
1397 902 1435 957 tu

328 995 398 1079 ipsa
407 1018 474 1061 non
485 998 580 1082 longe
595 1021 615 1063 a
628 999 772 1083 predicto
787 1000 983 1064 monasterio
997 998 1215 1077 construxisti,
1224 998 1322 1063 unius
1332 996 1433 1075 naris,

328 1099 414 1181 quod
437 1122 456 1163 a
476 1100 634 1165 Leubrico
651 1122 754 1185 nuper
770 1102 889 1180 emisti,
911 1102 1082 1167 dimidium
1103 1101 1239 1185 vectigal
1259 1109 1356 1183 atque
1374 1099 1434 1163 tri-

329 1200 454 1282 butum,
482 1204 567 1287 quod
591 1225 700 1269 meum
723 1211 801 1283 erat,
829 1224 887 1287 pro
908 1204 1032 1269 intuitu
1054 1224 1190 1289 superne
1211 1202 1378 1279 mercedis,
1401 1208 1434 1265 et

330 1324 438 1371 amore
463 1306 753 1389 consanguinitatis
780 1306 938 1390 religiosas
962 1306 1124 1371 abbatisse
1146 1305 1317 1384 Mildrede,
1342 1304 1434 1387 cujus

329 1406 510 1471 venerabile
531 1429 646 1493 corpus
669 1430 689 1473 a
708 1407 807 1493 priori
827 1410 993 1493 sepultura
1008 1409 1201 1473 translatum
1220 1408 1256 1471 in
1274 1408 1345 1492 ipso
1364 1427 1435 1470 mo·

329 1509 469 1575 nestorio
498 1510 715 1594 apostolorum
742 1511 892 1577 decenter
914 1511 1061 1597 posuisti,
1088 1510 1310 1595 accipiendum
1332 1509 1445 1603 possi--

330 1610 534 1696 dandumque
556 1620 667 1677 eterna
692 1614 865 1678 donatione
887 1614 1047 1694 conced03
1076 1623 1120 1693 et,
1142 1614 1322 1696 cuicunque
1343 1612 1435 1676 volu-

331 1714 420 1777 eritis
442 1714 597 1778 heredum
616 1736 898 1801 successorumque
919 1724 1108 1795 vestrorum,
1131 1736 1189 1779 seu
1209 1713 1353 1799 quolibet
1373 1714 1435 1778 ho·

331 1817 467 1895 minum,
491 1816 552 1880 boc
574 1817 681 1901 ipsum
710 1818 749 1882 de
767 1816 842 1903 jure
863 1819 898 1882 in
920 1842 956 1885 re
977 1827 1083 1885 vestra
1096 1818 1278 1903 perdonare
1299 1816 1435 1879 libemus

331 1918 476 1983 habeatis
504 1926 706 2003 potestatem.
762 1922 851 1987 Hine
880 1922 980 2005 igitur
1008 1922 1157 2006 praecipio
1186 1942 1223 1985 ac
1248 1940 1368 2003 precor,
1399 1919 1435 1981 in

331 2022 463 2085 nomine
478 2022 540 2085 Dei
556 2022 795 2106 omnipotentis,
806 2024 957 2108 patriciis,
968 2024 1115 2102 ducibus,
1131 2022 1313 2101 comitibus,
1329 2021 1433 2084 thelo-

331 2124 459 2203 neariis,
482 2124 677 2205 accionariis,
702 2147 739 2189 ac
760 2126 892 2210 reliquis
914 2126 1050 2211 publicis
1071 2126 1292 2210 dignitatibus,
1315 2132 1353 2188 ut
1374 2124 1434 2187 bec

331 2225 487 2290 inoffense
509 2226 640 2291 donatio
666 2249 722 2312 per
745 2235 908 2313 presentes
937 2250 975 2293 ac
1003 2237 1146 2313 posteros
1169 2235 1342 2312 percurrat.
1398 2225 1434 2288 Si

333 2336 442 2393 autem
457 2329 640 2412 contigerit,
656 2338 693 2394 ut
713 2330 804 2395 navis
823 2331 888 2395 ista
902 2331 1048 2416 disrupta
1068 2353 1105 2395 ac
1124 2330 1288 2395 confracta
1307 2329 1362 2405 sit,
1383 2328 1434 2391 vel

333 2432 431 2495 etiam
460 2439 618 2496 vetustate
644 2433 772 2512 detrita,
798 2442 856 2497 aut
876 2434 1019 2513 omnino,
1041 2434 1128 2519 quod
1151 2432 1244 2511 absit,
1267 2431 1435 2514 naufragio

333 2533 466 2619 perdita,
491 2542 569 2598 tunc
599 2556 726 2621 quoque
756 2536 796 2600 ad
820 2538 987 2602 cumulum
1012 2538 1146 2622 hujusce
1168 2534 1352 2600 donationis
1373 2534 1435 2598 boc

272 2639 274 2642 ’
333 2637 417 2702 addo
442 2645 475 2702 et
497 2639 646 2718 concedo,
662 2647 700 2703 ut
722 2639 785 2703 alia
804 2639 840 2702 in
862 2639 959 2724 hujus
978 2639 1160 2705 donationis
1178 2639 1286 2702 locum
1304 2645 1337 2701 et
1357 2657 1433 2700 con·

333 2741 488 2806 ditionem
513 2750 720 2806 construatur
742 2750 774 2806 et
796 2741 963 2806 habeatur.
1011 2743 1056 2806 Et
1077 2742 1139 2806 boc
1160 2763 1226 2804 non
1256 2740 1362 2804 solum
1381 2759 1437 2802 mc

334 2844 459 2908 vivente
476 2843 511 2908 in
529 2844 589 2908 hae
603 2845 678 2924 rita,
695 2845 751 2908 sed
768 2845 865 2909 etiam
884 2853 957 2928 post
978 2844 1103 2909 obitum
1120 2865 1240 2922 meum,
1255 2864 1313 2926 per
1326 2863 1436 2906 succe

334 2946 447 3010 dentes
466 2967 592 3030 semper
611 2947 833 3030 generationes
852 2947 1002 3032 precipio,
1018 2955 1052 3011 et
1069 2968 1126 3031 per
1140 2947 1161 3009 J
1163 2967 1254 3010 esum
1269 2945 1435 3010 Christum

331 3046 474 3130 judicem
492 3047 648 3126 omnium,
665 3049 792 3132 postulo
806 3050 887 3113 ficri.
932 3050 1086 3134 Quisquis
1099 3071 1174 3113 vero
1191 3048 1345 3113 heredum
1363 3068 1436 3110 suc·

335 3169 560 3234 caesorumque
589 3171 746 3229 meorum,
772 3151 822 3215 vel
845 3153 982 3217 aliorum
1011 3153 1146 3237 quilibet
1167 3152 1347 3229 bominum,
1371 3149 1436 3213 sive

336 3251 527 3316 secularium
550 3252 614 3316 sive
644 3253 941 3334 ecclesiasticorum,
964 3255 1041 3320 huic
1064 3256 1116 3340 pie
1137 3253 1304 3318 donationi
1327 3260 1436 3316 nostre

335 3353 371 3416 in
393 3353 555 3437 aliquare
577 3355 736 3422 contraire
757 3379 885 3442 quoquo
906 3367 1050 3443 tempore
1071 3359 1169 3423 fuerit
1186 3379 1292 3435 ausus,
1312 3354 1437 3419 noverit

335 3456 530 3541 aequisque
552 3457 607 3521 ille
621 3458 674 3536 sit,
691 3459 820 3524 audacis
839 3461 966 3525 malicie
985 3483 1043 3525 sue
1063 3461 1222 3524 rationem
1242 3480 1311 3523 esse
1329 3457 1435 3521 reddi-

336 3566 446 3622 turum
481 3581 588 3624 coram
621 3562 842 3646 omnipotente
871 3563 1013 3628 Domino
1038 3571 1159 3642 nostro,
1191 3561 1247 3646 qui
1277 3559 1436 3645 judicabit

335 3660 446 3725 orbem
468 3669 552 3726 terre
573 3663 609 3726 in
629 3663 780 3748 equitate,
800 3665 937 3729 reddens
955 3666 1129 3752 unicuique
1147 3665 1323 3729 secundum
1340 3683 1437 3747 opera

335 3786 403 3843 sua,
419 3765 514 3829 lesus
529 3765 677 3832 Christus
697 3767 782 3831 filius
803 3768 878 3846 Dei,
895 3769 1042 3853 filiusque
1058 3771 1176 3833 Sancte
1190 3767 1297 3832 Marie
1311 3785 1438 3849 semper

334 3867 477 3951 virginis,
502 3869 604 3952 cujus,
627 3869 760 3948 scilicet,
784 3869 819 3933 in
842 3871 965 3954 prefato
986 3871 1190 3949 monasterio,
1212 3869 1312 3933 sacris
1341 3875 1437 3951 atque

334 3971 513 4054 magnificis
528 3970 745 4036 indesinenter
760 3972 812 4038 die
826 3981 988 4058 noctuque
1001 3974 1224 4058 frequentatur
1238 3980 1271 4036 ct
1285 3971 1438 4034 adoratur

334 4074 491 4156 precibus,
511 4075 532 4137 J
534 4074 616 4140 udex
638 4075 738 4138 seculi
760 4075 828 4159 ipse
850 4076 945 4140 lesus
967 4076 1116 4139 Christus
1133 4075 1295 4139 Dominus
1315 4081 1437 4150 noster,

335 4177 452 4240 Amen.
498 4177 605 4259 lgitur
619 4185 771 4241 manente
790 4177 851 4241 bac
871 4179 994 4243 cartula
1007 4178 1042 4242 in
1058 4201 1116 4242 sua
1127 4199 1252 4262 semper
1273 4175 1436 4254 firmitate,

336 4299 432 4360 quam
447 4279 575 4362 propria
588 4300 687 4343 manu
701 4299 791 4343 sacro
805 4280 971 4363 signaculo
990 4279 1141 4344 roborare
1158 4280 1276 4358 curari,
1291 4287 1326 4342 et
1339 4286 1438 4342 testes

336 4380 506 4444 nonnullos
536 4387 573 4443 ut
595 4380 629 4444 id
653 4381 757 4464 ipsum
781 4383 1021 4447 consencientes
1050 4392 1182 4466 agerent
1205 4383 1276 4462 leci,
1300 4403 1439 4466 quorum
