3234 5125
315 420 371 477 858
590 422 913 483 MISCELLANEOUS
930 422 1146 480 essemus.

315 589 414 671 tibus,
444 592 695 671 vicecomitibus,
727 593 943 675 omnibusque
975 592 1150 657 baronibus
1183 612 1221 656 ac
1252 589 1422 669 ministris,

316 694 504 779 manensque
526 696 729 789 presentibus
747 703 780 759 et
795 695 924 775 bituris,
939 696 1090 776 salntem,
1106 704 1140 761 et
1153 696 1252 779 hujus
1271 695 1319 759 rei
1334 694 1421 757 noti-

317 796 410 861 ciam.
456 798 627 863 Summum
648 799 683 861 in
704 798 833 881 regibus
853 819 892 863 ac
910 799 1108 883 principibus
1122 800 1244 865 bonum
1263 805 1312 863 est
1323 798 1421 880 justi·

317 898 401 963 darn
410 899 474 965 Dei
487 901 590 965 colere
605 909 638 965 et
649 900 856 965 ecclesiarum
867 902 970 984 quieti
983 903 1174 986 prospicere,
1190 911 1223 966 et
1237 902 1278 965 de
1291 901 1421 963 illarum

317 1010 471 1085 perpetua
492 1003 663 1068 securitate
683 1002 832 1067 sollerter
844 1010 1002 1082 tractare3
1024 1004 1102 1088 quia
1116 1004 1171 1087 qui
1192 1025 1262 1067 eam
1277 1002 1423 1067 exaltant

317 1110 351 1167 et
365 1104 536 1185 honorant,
551 1127 626 1170 cum
648 1126 686 1169 ea
708 1112 742 1169 et
763 1105 799 1167 in
814 1126 853 1169 ea
869 1114 903 1169 et
917 1127 1061 1189 peream
1075 1107 1258 1170 exaltantem
1272 1113 1305 1169 et
1319 1106 1421 1169 bono-

317 1214 441 1271 rantur.
475 1208 520 1273 Et
529 1208 681 1291 quonism
695 1208 731 1271 in
745 1208 825 1272 locis
838 1208 985 1291 plurimis
999 1208 1241 1292 inquietudines
1255 1208 1421 1291 plurimas,

317 1308 491 1389 molestias,
506 1310 753 1394 persecutiones,
773 1309 922 1374 scandala
937 1318 1035 1393 atque
1048 1310 1234 1395 gravamina
1246 1309 1423 1374 monachos

317 1431 338 1475 a
351 1412 516 1477 nonnullis
530 1412 699 1495 pertulisse
712 1412 932 1495 cognovimus,
947 1413 1040 1477 decet
1055 1421 1092 1477 ut
1106 1421 1216 1479 nostre
1230 1412 1422 1477 excellencie

317 1514 408 1596 regia
429 1516 567 1597 provisio
589 1515 629 1579 de
650 1515 793 1599 ipsorum
815 1522 952 1579 ventura
969 1516 1088 1598 quiete,
1103 1515 1224 1579 salubri
1245 1514 1423 1578 meditetur

318 1614 538 1699 dispositione,
554 1624 592 1681 ut
606 1616 641 1681 in
655 1616 734 1701 ipsis
747 1624 917 1681 manentes
937 1618 1114 1702 tranquilla
1134 1626 1243 1683 mente
1264 1618 1299 1681 in
1322 1616 1420 1681 servi·

319 1726 391 1783 tute
405 1718 479 1798 Dei,
499 1720 601 1804 ipsius
624 1718 835 1785 subveniente
856 1720 975 1803 gracia
990 1729 1216 1804 permaneant,
1239 1720 1326 1783 unde
1348 1739 1420 1803 pre-

319 1828 426 1885 sentes
443 1830 477 1886 et
491 1822 612 1905 posteri
633 1822 737 1886 sciant
750 1821 908 1900 universi,
918 1821 1005 1905 quod
1026 1823 1152 1906 antiqui
1166 1822 1297 1907 gloriosi
1317 1842 1420 1903 reges,

319 1924 494 2003 AElfredus,
510 1924 667 2003 videlicet,
680 1932 713 1987 et
722 1924 918 1988 Eadwardus
928 1924 1013 1988 filius
1027 1925 1107 2009 ejus,
1118 1925 1285 1989 ecclesiam
1293 1922 1422 1986 S.Petn‘

319 2026 359 2091 de
371 2026 470 2106 Gant,
487 2048 548 2110 qne
563 2026 599 2089 in
613 2033 723 2089 monte
735 2026 909 2091 Blandinio
923 2027 986 2090 sita
1000 2034 1060 2106 est,
1075 2027 1176 2091 nimio
1190 2026 1306 2091 affectu
1320 2025 1421 2089 dilex-

319 2138 425 2208 erimt,
436 2128 689 2205 honoraverunt;
706 2136 738 2192 et
752 2128 959 2193 deustionem
974 2129 1074 2207 illam,
1087 2128 1278 2206 Leuesham,
1287 2127 1421 2204 scilicet,

319 2252 394 2295 cum
408 2231 559 2295 omnibus
581 2230 643 2295 sibi
658 2230 902 2314 pertinentibus,
918 2252 1016 2315 quam
1030 2232 1194 2309 Elbrndis,
1209 2229 1324 2314 prefati
1339 2229 1420 2292 AElt-

319 2332 388 2397 redi
410 2334 527 2417 neptis,
546 2332 678 2397 ecclesie
699 2332 803 2397 eidem
823 2333 924 2397 libere
945 2334 1094 2413 contulit,
1109 2334 1197 2417 regia
1219 2331 1422 2397 concessione

319 2444 352 2500 et
365 2435 515 2499 libertate
530 2442 683 2519 perpetua
697 2436 895 2499 munienmt.
941 2436 1089 2502 Quorum
1103 2436 1181 2500 boni
1195 2436 1298 2519 operis
1314 2436 1419 2498 inten-

318 2539 408 2604 tione
437 2538 644 2624 perpendens,
668 2558 710 2602 ne
739 2559 850 2604 eorum
880 2546 1004 2602 statuta
1036 2561 1180 2623 unquam
1203 2538 1361 2603 ducantur
1384 2537 1422 2602 iu

317 2642 456 2720 irritum,
473 2649 530 2705 aut
544 2640 629 2720 ullis,
646 2640 731 2724 quod
754 2640 850 2720 absit,
865 2641 1001 2724 posteris
1022 2641 1195 2706 turbentur
1211 2641 1421 2724 temporibus,

318 2765 378 2828 ego
393 2744 521 2828 quidem
537 2743 633 2827 hujus
650 2743 809 2807 libertatis
824 2743 1052 2826 patrocinator,
1067 2743 1160 2808 donis
1174 2763 1286 2808 eorum
1299 2743 1421 2822 favens,

318 2867 376 2930 pro
390 2867 501 2909 comm
520 2852 553 2908 et
568 2865 639 2908 mea
658 2843 869 2926 omniumque
890 2865 1109 2908 successorum
1128 2865 1275 2910 meorum
1296 2866 1420 2927 regum,

318 2957 415 3033 atque
430 2947 590 3013 Baldwini
605 2947 742 3025 comitis,
751 2947 887 3029 cognati
901 2947 976 3025 mei,
994 2967 1119 3011 necnon
1134 2955 1167 3011 et
1181 2947 1326 3011 omnium
1341 2947 1420 3011 fide-

317 3052 397 3116 lium
427 3051 639 3135 prosperitate
668 3058 701 3113 et
726 3049 840 3128 salute,
864 3050 936 3113 Deo
961 3058 995 3114 et
1023 3049 1117 3114 beato
1142 3050 1286 3133 apostolo
1311 3052 1419 3128 Petro,

317 3155 372 3238 pio
389 3154 507 3218 fautori
528 3160 649 3231 nostro,
665 3160 698 3214 et
720 3151 831 3216 abbati
849 3152 1023 3231 Richardo,
1046 3152 1275 3236 monachisque
1298 3152 1421 3236 prefate

318 3255 450 3320 ecclesie
475 3256 515 3320 de
539 3256 638 3333 Gant,
652 3253 801 3332 concedo,
826 3263 923 3337 atque
941 3275 1014 3318 mea
1038 3255 1128 3338 regia
1150 3255 1322 3318 autoritate
1343 3275 1420 3318 cou-

318 3361 421 3438 firmo,
438 3359 617 3423 manerium
639 3358 679 3421 de
702 3357 893 3435 Leuesham,
909 3379 984 3420 cnm
997 3357 1149 3422 omnibus
1172 3358 1234 3422 sibi
1255 3359 1419 3442 pertinen-

318 3461 417 3540 tibus,
450 3461 608 3539 videlicet,
643 3459 820 3537 Greenwic,
851 3460 1019 3539 Wulewic,
1050 3460 1294 3542 Modingebam,
1324 3469 1421 3543 atque

320 3564 454 3642 Cumbe,
470 3571 503 3626 et
526 3584 601 3627 cum
622 3561 758 3626 vallibus
782 3562 881 3626 etiam
902 3563 937 3624 in
951 3561 1105 3626 Andreda
1127 3562 1247 3626 eisdem
1270 3563 1422 3626 maneriis

319 3663 550 3750 adjacentibus,
574 3665 705 3744 scilicet,
724 3664 888 3744 AEschore,
905 3665 1083 3748 AEffebaga,
1098 3665 1326 3747 Wingindene,
1346 3667 1421 3729 Sca·

319 3768 469 3847 rendene,
494 3767 698 3846 Sandherste‚
729 3774 762 3830 et
791 3788 865 3830 cum
895 3767 1046 3845 ecclesiis,
1071 3767 1247 3846 cimiteriis,
1278 3767 1420 3847 decimis,

318 3871 507 3950 redditibus,
522 3871 558 3934 in
573 3870 692 3953 campis
707 3878 740 3933 et
755 3869 853 3948 silvis,
868 3869 904 3931 in
922 3870 1022 3952 pratis
1037 3878 1070 3934 et
1085 3870 1221 3953 pascuis,
1233 3872 1269 3934 in
1283 3872 1374 3954 aquis
1388 3880 1423 3935 et

320 3974 500 4060 paludibus,
516 3974 550 4036 in
574 3972 719 4056 piscariis
742 3979 775 4035 et
798 3955 1037 4055 piscationibus,
1059 3973 1093 4035 in
1117 3972 1310 4036 molendinis
1331 3981 1364 4037 et
1386 3974 1423 4037 in

320 4076 470 4141 omnibus
487 4075 554 4139 suis
569 4073 773 4159 appendiciis.
819 4074 980 4138 Praeterea
995 4073 1105 4138 addidi
1118 4075 1190 4138 loco
1204 4075 1251 4137 illi
1265 4076 1424 4158 prelibato

321 4180 406 4244 inira
429 4179 642 4257 Londoniam,
662 4186 786 4260 partem
813 4184 898 4240 terre
924 4177 964 4240 de
990 4185 1074 4241 terra
1100 4177 1167 4255 illa,
1183 4177 1341 4256 videlicet,
1359 4200 1423 4261 que

322 4282 573 4348 Wermanecher
587 4281 724 4364 Anglice
745 4288 961 4363 nuncupatur,
977 4299 1051 4344 cum
1073 4279 1195 4343 huervo
1216 4279 1321 4343 eidem
1336 4288 1423 4344 terre

322 4385 507 4470 pertinenti,
524 4393 644 4448 etcum
659 4382 810 4446 omnibns
824 4382 1072 4447 rectitudinibus
1090 4391 1123 4446 et
1137 4382 1423 4448 consuetudinibus
