3234 5125
327 422 360 477 bl
602 424 923 482 mscnumnnous
945 424 1158 483 CHARTERS.

611 670 630 706 ¹
642 662 782 719 BISHOP
800 664 997 722 ALDHELM.
1034 663 1153 720 DCON.

370 813 410 895 »Β
429 811 524 877 Nihil
543 812 577 877 in
593 811 656 879 hoc
673 814 790 879 seculo
807 814 933 899 prolixa
949 814 1124 879 foelicitate
1144 812 1331 898 perfruitur,
1346 812 1428 877 nihil

324 906 477 979 diuturna
491 916 710 982 dominatione
724 917 858 1001 potitur,
873 916 957 980 nihil
971 916 1057 1002 quod
1071 938 1138 981 non
1153 915 1194 981 ad
1207 916 1339 981 fatalem
1353 916 1428 981 vitre

324 1019 501 1082 terminum
519 1018 619 1085 veloci
643 1040 741 1083 cursu
756 1020 891 1085 tendere
910 1020 1066 1084 videatur.
1111 1021 1156 1085 Et
1173 1019 1248 1085 ideo
1267 1018 1314 1083 sic
1331 1018 1427 1083 nobis

324 1120 561 1185 mundanarum
583 1143 692 1186 rerum
714 1123 909 1207 patrimonia
933 1131 1011 1187 sunt
1032 1122 1236 1208 perfruenda,
1256 1130 1295 1186 ut
1317 1130 1426 1187 tamen

323 1230 452 1288 aterna
465 1225 578 1308 patrie
597 1225 826 1290 emolumentis
844 1246 1012 1310 nunquam
1029 1224 1224 1290 fraudemur.
1269 1224 1359 1289 Hinc
1378 1233 1427 1289 est

323 1326 409 1411 quod
438 1348 499 1411 ego
529 1328 708 1408 Aldelmus,
747 1336 919 1414 postquam
952 1350 1005 1393 me
1034 1328 1235 1393 immeritum
1264 1326 1426 1411 nullisque

322 1428 495 1514 praedignis
508 1432 653 1497 moribus
668 1432 923 1517 comprobatum,
938 1431 973 1496 iu
986 1431 1193 1517 pontifimtus
1206 1429 1303 1495 officii
1317 1430 1424 1494 sedern

323 1533 432 1597 divina
453 1535 557 1618 gratia
579 1534 863 1613 subthronizasset,
889 1534 1042 1619 proposui
1066 1553 1183 1598 arcano
1204 1532 1325 1598 mentis
1346 1554 1425 1597 mese

322 1634 450 1716 affectu,
465 1645 505 1700 ut
518 1637 722 1702 monasteriis
740 1637 832 1716 meis,
852 1637 970 1721 quibus
988 1634 1180 1721 jamdudum
1197 1636 1233 1700 in
1254 1635 1425 1699 abbatatus

323 1738 426 1822 gradu
454 1740 661 1821 cantitatur,
687 1740 883 1825 suffragante
908 1740 1061 1819 Domino,
1089 1739 1280 1823 regulariter
1300 1738 1423 1822 proefiri,

321 1842 507 1927 religiosum
523 1842 682 1925 abbatem,
695 1866 791 1931 quem
806 1844 867 1909 sibi
882 1852 1061 1929 spontanea
1070 1843 1266 1916 familiarum
1280 1862 1424 1906 mearum

321 1944 410 2028 optio
425 1964 567 2009 consona
585 1966 663 2010 voce
682 1946 842 2030 elegisset,
858 1946 1013 2012 canonica
1030 1944 1193 2011 creatione
1213 1948 1311 2027 atque
1329 1964 1422 2027 ragu-

320 2046 560 2113 larisanctione
574 2047 813 2113 constituerem.
1303 2070 1306 2078 ·

367 2148 429 2213 His
443 2150 633 2215 voluntariis
646 2150 919 2237 propositionibus
929 2150 1010 2216 meis
1024 2150 1077 2235 pia
1090 2148 1323 2214 monachorum
1336 2169 1424 2212 meo·

320 2272 394 2316 rum
404 2252 526 2317 restitit
536 2254 753 2337 pertinacitas.
777 2254 823 2318 Et
834 2252 979 2318 cumhoc
989 2252 1102 2318 sedulo
1113 2253 1292 2339 sepiusque
1303 2252 1424 2317 incon·

319 2362 419 2419 ventu
432 2355 570 2420 fratrum
584 2376 729 2421 meorum
745 2358 935 2422 fiducianter
948 2378 1137 2435 narrassem,
1152 2356 1263 2420 nullus
1275 2354 1327 2419 his
1340 2354 1424 2420 votis

319 2457 401 2522 meis
409 2458 659 2543 placidissimum
668 2459 832 2542 praebebat
842 2460 1166 2539 assensum,dicentes
1174 2458 1261 2543 quod
1271 2463 1292 2495 “
1298 2459 1421 2526 Quam-

319 2559 376 2625 diu
390 2562 481 2626 vitali
495 2562 653 2646 vegetaris
664 2563 780 2648 spiritu
794 2563 1027 2648 nobiscumque
1046 2562 1214 2648 praesentis
1230 2561 1307 2628 vite
1323 2563 1423 2646 depu-

317 2664 396 2729 taris
416 2664 531 2745 stadio,
553 2673 621 2731 ture
646 2685 772 2751 semper
789 2665 1021 2731 dominationis
1036 2667 1118 2749 jugo
1138 2665 1320 2730 humillime
1338 2665 1423 2729 colla

316 2765 451 2834 subdere
465 2790 532 2835 non
542 2768 764 2854 dedignamur.
801 2769 867 2834 Sed
876 2770 939 2833 hoc
947 2769 1082 2854 supplici
1090 2789 1186 2853 prece
1193 2767 1422 2852 communique

317 2877 433 2954 rogatu
443 2871 661 2957 deprecamur,
677 2870 763 2955 quod
778 2870 839 2936 sub
850 2891 941 2936 mora
951 2871 1182 2955 scripturarum
1194 2870 1438 2946 testificafione,

315 2981 349 3038 et
363 2973 585 3039 favorabilium
600 2975 741 3038 virorum
755 2974 843 3038 claro
862 2995 1021 3040 consensu
1032 2973 1236 3038 corrobores:
1259 2981 1298 3038 ut
1312 2973 1421 3037 nullus

316 3082 389 3159 post
408 3074 532 3140 obitum
544 3083 649 3152 tuum,
665 3095 725 3138 nec
739 3076 856 3158 regalis
870 3077 1044 3156 audacitas,
1059 3097 1120 3143 nec
1134 3076 1327 3162 pontificalis
1344 3097 1419 3140 auc-

316 3177 441 3255 toritas,
459 3177 510 3242 vel
532 3177 646 3260 aliquis
666 3177 897 3244 {ecclesiasticae
917 3201 975 3245 seu
991 3180 1152 3245 accuens
1172 3179 1342 3264 dignitatis
1358 3179 1418 3257 vir,

316 3277 387 3342 sine
404 3285 516 3344 nostro
534 3279 710 3344 voluntatis
724 3278 869 3360 arbitrio,
884 3281 920 3344 in
939 3281 1033 3346 nobis
1051 3281 1113 3346 sibi
1130 3281 1278 3346 vendicet
1299 3282 1418 3366 prinei·

316 3381 464 3467 patum.”
518 3381 606 3446 Huic
638 3381 756 3448 debitae
788 3383 1020 3448 monachorum
1048 3403 1196 3449 meorum
1216 3382 1418 3467 maximeque

316 3484 512 3549 famulorum
527 3483 590 3548 Dei
605 3484 754 3569 petitioni
772 3484 984 3550 libentissime
998 3485 1166 3565 consensi3
1189 3485 1274 3549 etin
1287 3505 1416 3550 monas-

316 3587 400 3651 terio
424 3585 509 3670 quod
527 3587 622 3672 juxta
640 3587 774 3652 fluvium
797 3588 854 3672 qui
875 3587 995 3653 dicitur
1017 3588 1214 3654 Uuinbnrna
1235 3587 1335 3652 situm
1357 3595 1416 3667 est,

272 3711 276 3720 ¹
316 3689 370 3753 cui
383 3689 556 3755 venmandi
578 3690 663 3774 regis
681 3689 785 3756 nostri
805 3711 959 3774 germana
973 3690 1145 3756 Cuthburh
1168 3690 1328 3774 presidet,
1342 3711 1417 3755 cum

314 3793 449 3877 optabili
477 3791 683 3857 famosissimi
710 3793 796 3876 regis
825 3794 881 3858 Ini
908 3815 1076 3874 consensu,
1100 3802 1134 3859 et
1162 3792 1418 3858 reverendissimi

312 3895 422 3960 battis
448 3902 481 3960 et
507 3895 683 3980 coepiscopi
708 3896 773 3960 mei
796 3896 943 3961 Danielis
962 3904 1056 3976 nutu,
1074 3903 1277 3980 presentata
1296 3895 1416 3979 profes·

313 3998 412 4064 sionis
427 3997 629 4064 devotionem
643 3998 913 4080 decentissimam,
923 4006 956 4064 et
970 4021 1143 4064 vernarum
1158 3999 1292 4063 Domini
1304 4006 1417 4082 postu-

311 4100 475 4181 lationem,
502 4123 600 4168 sacrae
629 4102 732 4167 eureis
762 4101 929 4186 signaculo
953 4097 1157 4166 confirmavi:
1188 4100 1301 4165 itidem
1329 4100 1416 4164 idem

310 4205 510 4270 venerandus
538 4227 595 4271 rex
625 4212 659 4269 et
686 4205 940 4290 praenominatus
968 4205 1112 4290 pontifex
1137 4204 1207 4289 pari
1237 4202 1417 4268 devotionis

310 4327 410 4369 manu
425 4306 692 4391 subscripserunt.
739 4307 811 4372 Nec
834 4306 937 4371 multo
960 4316 1044 4391 post,
1059 4306 1095 4370 in
1114 4314 1318 4371 sacrosancto
1338 4327 1414 4370 con-

310 4409 394 4488 cilio,
425 4411 509 4493 quod
531 4411 626 4494 juxta
649 4409 782 4474 fluvium
808 4410 864 4495 qui
888 4409 1008 4474 dieitur
1032 4408 1155 4495 Woder
1182 4418 1414 4494 congregatum
