3234 5125
335 426 370 509 20
611 418 931 501 meonuuannous
949 416 1162 473 CHARTERS.

338 614 410 659 eam
427 592 599 671 distulerit,
615 599 648 655 et
666 610 729 675 que
746 590 893 675 superius
906 588 994 654 dicta
1010 596 1043 653 et
1062 588 1254 653 confirmata
1274 595 1351 651 sunt
1369 608 1441 670 pre·

338 696 535 773 varicaverit,
546 694 728 758 mansiones
743 692 804 757 sibi
819 692 966 778 superius
981 691 1143 775 delegatas
1157 692 1298 755 amittat.
1330 689 1441 754 Abbas

338 799 389 863 vel
404 797 553 862 monachi
568 819 588 861 a
602 816 793 881 quocunque
803 794 965 859 voluerint
979 794 1128 879 episcopo
1138 795 1195 878 qui
1208 793 1333 858 Pascha
1347 813 1441 856 cano·

339 902 448 965 nicum
472 899 621 977 celebret,
640 898 854 963 ecclesiastica
879 906 1079 961 sacramente
1097 897 1133 959 in
1152 896 1373 962 Glastoniensi
1390 915 1441 958 ee·

340 1003 445 1081 clesia,
472 1011 529 1067 aut
552 1002 587 1065 in
610 1000 752 1065 ecclesiis
776 1000 838 1064 sibi
859 999 1021 1083 subjectis,
1045 999 1157 1063 autin
1180 1020 1290 1062 earum
1313 998 1443 1082 capellis

339 1106 527 1189 percipiant.
575 1104 729 1187 Quisquis
744 1109 855 1166 autem
869 1102 968 1186 hujus
978 1122 1049 1166 mee
1060 1100 1284 1166 munificencie
1298 1108 1332 1164 et
1346 1100 1440 1165 liber·

338 1208 416 1271 tatis
445 1213 688 1283 testamentum,
718 1206 832 1288 quovis
861 1204 1011 1287 deinceps
1032 1213 1187 1288 tempore,
1216 1204 1324 1287 aliqua
1352 1224 1440 1267 occa-

338 1311 437 1388 sione,
453 1309 623 1394 cujuslibet
639 1308 738 1371 eciam
755 1306 935 1390 dignitatis,
950 1307 1001 1370 vel
1015 1306 1231 1390 professionis,
1247 1305 1297 1370 vel
1312 1306 1441 1389 gradus,

338 1420 519 1495 pervertere
538 1411 588 1474 vel
606 1410 641 1474 in
661 1410 790 1473 irritum
808 1409 965 1473 deducere
984 1410 1202 1493 temptaverit,
1219 1410 1300 1474 sciat
1317 1430 1352 1472 se
1369 1431 1442 1473 cum

341 1513 427 1577 Juda
452 1513 615 1597 proditore
634 1521 746 1576 eterna
765 1512 952 1577 confusione
972 1512 1122 1577 edacibus
1143 1512 1354 1576 ineffabilium
1377 1520 1442 1576 tor-

341 1622 525 1681 mentorum
540 1616 718 1699 periturum
732 1615 881 1699 flammis
928 1615 1056 1697 Scripta
1075 1623 1125 1679 est
1147 1623 1256 1679 autem
1273 1614 1372 1699 hujus
1386 1614 1442 1677 do-

341 1717 487 1783 nacionis
510 1725 544 1781 et
567 1716 723 1801 privilegii
747 1717 873 1801 pagiua,
898 1738 985 1781 anno
1014 1718 1186 1781 Dominice
1211 1716 1445 1782 incarnacionis

342 1819 627 1905 septingentesimo
638 1818 787 1883 vicesimo
803 1816 927 1902 quinto,
939 1818 1126 1884 Indiocione
1141 1820 1281 1903 quartat
1298 1820 1358 1884 sub
1373 1840 1444 1903 pre-

342 1922 447 1987 sentia
458 1924 518 1987 Ine
530 1922 614 2005 regis
629 1930 662 1985 st
678 1920 893 1984 Beorthwaldi
902 1921 1157 1985 Dorobernensis
1167 1922 1338 2005 pontificis,
1349 1942 1444 1986 vene-

342 2025 577 2107 randorumque
593 2023 773 2087 antistitum
790 2023 935 2087 Danielis
955 2032 1052 2106 atque
1065 2023 1245 2101 Fordredis,
1260 2031 1294 2087 et
1308 2024 1445 2087 aliorum

344 2149 480 2211 quorum
494 2126 626 2190 nomina
641 2125 775 2189 inferius
790 2133 996 2189 annotantur.

387 2232 458 2312 Ego
481 2230 543 2293 Ina
564 2250 619 2291 rex
641 2228 768 2312 proprie
790 2249 905 2291 manus
927 2228 1163 2312 subscripsione
1184 2228 1269 2292 hanc
1295 2228 1444 2292 donacio-

343 2354 418 2397 nem
444 2339 476 2396 et
497 2332 690 2408 libertatem,
709 2330 769 2394 sub
791 2330 897 2412 sigillo
917 2338 1026 2394 sancte
1046 2331 1160 2407 crucis,
1175 2339 1279 2395 ratam
1292 2331 1370 2395 lieri
1389 2330 1443 2393 de·

344 2456 449 2501 cerno.
503 2435 574 2517 Ego
603 2432 786 2517 Edelburga
814 2432 927 2515 regina
955 2433 1110 2497 consensi.
1164 2435 1237 2517 Ego
1266 2433 1445 2498 Baldredus

343 2558 397 2602 rex
427 2536 622 2602 confirmavi.
668 2538 739 2619 Ego
755 2534 896 2600 Adelard
918 2535 1017 2599 frater
1035 2536 1157 2619 reginae
1174 2536 1331 2600 consensi.
1375 2537 1445 2620 Ego

343 2639 596 2717 Beorthweldus,
625 2638 879 2702 Dorobernensis
913 2637 1054 2702 ecclesia
1090 2640 1358 2724 archiepiscopus,
1387 2639 1446 2702 lne

262 2759 267 2769 ·
342 2743 426 2826 regis
441 2743 649 2807 donacionem
665 2749 698 2805 et
712 2741 906 2818 libertatem,
922 2740 983 2804 sub
1001 2740 1107 2823 sigillo
1125 2749 1235 2806 sancte
1254 2743 1357 2806 crucis
1375 2764 1444 2806 cor-

342 2845 498 2910 roboravi.
544 2846 615 2927 Ego
630 2843 758 2921 Daniel,
780 2842 882 2927 plebis
901 2842 965 2906 Dei
982 2843 1154 2927 inspector,
1173 2844 1331 2927 adquievi.
1376 2847 1447 2928 Ego

342 2947 522 3011 Fordredus
532 2947 698 3030 episcopus
714 2945 842 3027 signum
856 2946 959 3010 crucis
974 2945 1131 3030 impressi.
1166 2946 1358 3010 Waldehere
1372 2969 1445 3031 pre·

342 3049 455 3112 fectus
501 3049 606 3111 Bruta
629 3046 795 3131 prefectus.
842 3048 1049 3112 Ethelbeard.
1097 3049 1257 3132 Umming
1274 3049 1445 3132 prefectus.

343 3149 529 3213 Winchelin
551 3169 675 3213 comes:
699 3169 772 3212 cum
788 3152 951 3233 presencia
967 3151 1196 3235 populacionis,
1217 3162 1447 3216 consenserunt

345 3260 378 3315 et
392 3253 611 3316 firmaverunt.

366 3619 477 3700 'mus
495 3645 765 3700 AErnnnsuanr
783 3647 832 3700 or
850 3647 960 3702 nune.
997 3649 1079 3703 res.
1098 3651 1181 3726 eon}
1193 3651 1412 3706 coetuum.²

389 3791 429 3872 ᾧ
447 3791 488 3854 In
502 3791 633 3855 nomine
649 3792 782 3855 Domini
803 3793 866 3857 Dei
890 3794 1066 3858 Salvatoris
1080 3797 1182 3859 nostri
1198 3797 1298 3861 Ibesu
1313 3797 1446 3861 Christi.

344 3893 405 3958 Est
424 3893 546 3957 terrula
570 3894 717 3976 quedam,
740 3895 773 3958 id
800 3904 850 3958 est
879 3905 995 3979 quarta
1019 3919 1092 3981 pars
1116 3899 1215 3961 aratri
1236 3898 1335 3962 unius
1353 3899 1448 3982 juxta

345 3995 492 4060 Liminee
510 3997 569 4060 sali
587 3996 752 4080 coquendo
773 3999 989 4076 accommoda,
1013 4021 1112 4082 quam
1132 4021 1193 4083 ego
1208 3999 1449 4065 AEthilberhtus

380 4152 387 4181 ¹
407 4149 465 4203 The
477 4149 614 4204 Indiction
627 4150 668 4204 lor
679 4151 731 4204 725
743 4150 766 4205 is
779 4151 805 4206 8.

379 4238 389 4268 ²
408 4235 582 4290 AEthelbarht
594 4236 642 4289 did
661 4241 710 4289 not
728 4236 838 4290 become
856 4237 912 4290 sole
924 4237 990 4310 iring
1002 4238 1034 4293 ol*
1049 4240 1126 4294 Kent
1139 4240 1183 4294 till
1200 4241 1260 4310 748,
1273 4241 1323 4296 hut
1338 4260 1462 4315 appears.

344 4327 373 4374 to
392 4320 462 4375 hare
476 4321 589 4392 reigned
609 4321 760 4392 conjointly
778 4321 848 4374 with
864 4322 908 4375 his
922 4322 1031 4378 brother
1046 4325 1187 4380 Fndberht
1203 4327 1273 4380 from
1291 4329 1351 4381 725.
1398 4329 1450 4383 See

344 4406 534 4476 Malmssbury,
546 4424 572 4478 p.
585 4406 628 4474 24,
642 4407 706 4460 edit.
720 4407 752 4459 E.
760 4407 796 4459 Η.
805 4406 834 4460 S.
