3234 5125
480 445 800 511 nlsonnmnnous
819 455 1033 513 CHARTERS.
1272 460 1308 512 85

200 624 283 690 villae
300 645 409 690 versus
427 625 595 692 orientem.
641 629 727 692 Item
749 629 872 694 donum
894 630 1039 715 cjmdem
1056 631 1169 714 Aigari
1193 631 1307 695 militis

199 727 234 790 in
258 728 447 813 Rapingale,
461 729 620 809 videlicet,
642 739 709 796 tres
730 741 896 798 carucatas
918 740 1015 799 terrae
1036 733 1177 813 arabilis,
1198 743 1232 798 ct
1254 755 1305 798 ιι.

199 851 288 894 acras
316 832 412 915 prati.
461 832 548 896 Item
572 833 693 898 donum
717 835 902 899 Normanni
926 837 1098 920 quondam·
1110 837 1307 902 vicecomitis

199 934 234 996 in
258 934 377 1000 Sutton
402 935 498 1020 juxta
523 936 701 1016 Bosworth,
732 937 812 1002 duas
834 948 1000 1004 carucatas
1020 947 1125 1020 terrae,
1149 948 1182 1005 et
1203 961 1305 1006 unum

199 1036 420 1101 molendinum
442 1039 646 1104 ventiicium.
693 1041 779 1104 Item
808 1040 930 1105 donum
955 1043 1100 1126 ejusdem
1122 1044 1306 1109 Normauni

197 1141 233 1204 in
264 1141 443 1225 Stapelton,
465 1143 624 1222 videlicet,
648 1145 830 1209 manerium
853 1153 886 1209 et
908 1145 988 1209 duaa
1011 1155 1178 1212 carucatas
1199 1153 1307 1211 terrae.

199 1245 284 1308 Item
314 1243 436 1309 donum
465 1245 609 1330 ejusdem
639 1247 674 1310 in
701 1246 827 1333 Badby,
857 1247 1017 1328 videlicet,
1047 1257 1185 1333 quatuor
1213 1249 1306 1313 hidas

199 1353 293 1412 terrae
317 1368 391 1412 cum
412 1349 618 1433 appendiciis.
663 1352 750 1415 Item
768 1351 890 1415 donum
908 1350 1031 1416 domini
1048 1351 1162 1436 Algari
1179 1353 1307 1416 comitia

198 1450 232 1513 in
249 1449 427 1530 Holbecbc,
442 1459 475 1516 et
492 1452 527 1516 in
544 1452 735 1536 Cappelade,
751 1452 912 1533 videlicet,
928 1463 1067 1538 quatuor
1081 1465 1255 1534 carucatas,
1272 1465 1306 1520 et

198 1573 254 1616 sex
268 1553 411 1634 bovatas,
427 1562 460 1619 et
478 1575 677 1621 wunnerus
690 1555 787 1640 prati,
802 1566 837 1620 et
854 1557 1037 1622 mariscum.
1083 1559 1167 1623 Item
1183 1559 1305 1623 donum

198 1656 342 1739 ejusdem
363 1657 398 1720 in
421 1657 496 1722 villa
517 1659 632 1723 suade
657 1659 854 1744 Spaldeling,
878 1659 1036 1740 videlicet,
1051 1669 1119 1725 tres
1141 1670 1306 1726 carucatas

198 1759 291 1844 prati
342 1759 443 1846 [Item
457 1761 578 1826 donum
594 1761 736 1845 ejusdem
752 1762 787 1826 in
803 1763 880 1826 villa
893 1785 952 1827 sua
965 1762 1005 1826 de
1019 1763 1203 1848 Pyncebek,
1218 1762 1304 1827 vide-

197 1861 284 1943 licet,
294 1885 393 1928 unam
408 1873 591 1929 carucatam
605 1873 709 1930 terra.
748 1866 834 1930 Item
849 1867 970 1931 donum
982 1867 1127 1952 ejmdem
1141 1867 1177 1928 in
1189 1867 1304 1949 Algar-

198 1966 292 2030 kirkc
305 1967 382 2031 villa
395 1989 463 2048 sua,
479 1967 638 2046 videlicet,
654 1968 804 2033 undecim
824 1969 956 2035 bovatas
971 1976 1066 2034 terrae
1074 1995 1085 2049 3
1109 1977 1142 2033 et
1159 1970 1195 2034 in
1211 1991 1304 2053 paro-

197 2069 271 2134 chia
287 2070 327 2134 de
349 2072 519 2136 Sutterton
538 2079 605 2136 tres
623 2079 787 2136 carucatas
803 2079 907 2151 terrm,
928 2079 962 2136 et
981 2094 1080 2137 uuam
1094 2072 1255 2151 bovatam,
1271 2081 1306 2138 et

199 2193 289 2240 xxvi.
315 2195 406 2239 acras
434 2174 565 2259 prati,]¹
589 2182 622 2239 et
652 2193 721 2240 1111.
745 2173 872 2254 salinas,
897 2196 972 2240 cum
1001 2175 1135 2240 ecclesia
1162 2175 1307 2261 ejusdem

197 2275 291 2340 villae.
341 2277 427 2341 Item
441 2276 564 2341 donum
578 2277 678 2342 Osuii
693 2276 808 2342 militis
822 2277 858 2342 in
873 2277 1042 2357 Draitona,
1057 2277 1216 2358 videlicet,
1232 2287 1307 2343 octo

197 2378 290 2443 hidas
300 2385 404 2459 tense,
415 2387 449 2444 et
464 2400 534 2445 1111.
545 2379 695 2464 virgatas,
708 2388 742 2445 et
756 2381 924 2445 ecclesiam
939 2381 1083 2464 ejusdem
1094 2381 1189 2446 villoe.
1220 2383 1306 2446 Item

198 2481 318 2547 donum
333 2483 492 2547 Asketelli
506 2483 602 2568 coqui
624 2483 688 2548 mei
708 2483 743 2546 in
758 2481 969 2568 Glapthorn',
987 2482 1145 2565 videlicet,
1160 2492 1228 2548 tres
1242 2485 1306 2548 vir·

197 2593 288 2669 gatas
311 2594 415 2651 terra.
461 2588 548 2651 Item
566 2586 688 2651 donum
704 2586 853 2671 Wulgeti
877 2586 1039 2670 pincerna
1059 2587 1135 2666 mei,
1157 2588 1194 2651 in
1216 2588 1306 2653 Peie-

197 2688 281 2766 kirk,
307 2696 374 2753 tres
395 2689 536 2773 virgatas
557 2698 662 2755 terrae.
708 2689 795 2754 Item
825 2689 947 2753 donum
975 2688 1169 2774 [Iidulphi]¹
1195 2692 1308 2756 nuncii

197 2792 272 2870 mei,
283 2792 319 2855 in
333 2792 502 2877 Laithorp,
513 2814 613 2856 unam
626 2792 776 2857 bovatam
788 2799 893 2857 terra.
936 2792 1024 2857 Item
1035 2790 1157 2856 donum
1175 2792 1308 2856 Siwardi

196 2893 404 2974 viceoemitis,
419 2894 455 2958 in
471 2894 611 2980 Kirkby,
627 2904 693 2959 tres
712 2894 845 2960 bovatas
859 2901 964 2973 terrae,
979 2916 1080 2959 unam
1094 2894 1306 2973 mansionem,

196 3005 230 3061 et
243 2998 307 3061 tria
321 2998 455 3081 cotagia.
501 2990 594 3061 Etin
610 2997 777 3062 Standona
791 2997 914 3062 donum
934 2997 1103 3082 Sigburgae
1122 2998 1305 3077 comitissae,

196 3120 227 3165 v.
244 3100 335 3166 hidas
352 3109 458 3166 terrae.
503 3103 548 3166 nt
563 3100 684 3167 donum
699 3100 851 3165 Wnlnoti
868 3100 1014 3185 dapifieri
1035 3101 1110 3179 mei,
1129 3100 1166 3163 iu
1181 3100 1305 3184 Ading-

196 3212 284 3284 tona,
303 3200 461 3283 videlicet,
479 3204 561 3268 duas
581 3203 674 3268 hidas
691 3210 796 3283 terrae,
818 3211 852 3268 et
873 3203 1053 3287 piscariam,
1074 3224 1149 3267 cum
1171 3202 1304 3266 advoca-

195 3308 285 3371 tione
305 3308 446 3381 ecolesiae
466 3306 610 3393 ejusdem
627 3307 730 3386 villae3
754 3315 787 3372 et
805 3307 842 3370 in
862 3305 926 3369 alia
945 3305 1144 3389 Adingtona,
1164 3326 1203 3370 ex
1221 3306 1306 3370 dono

196 3409 351 3493 ejusdem,
374 3432 473 3475 unam
495 3410 654 3493 virgatam
675 3416 779 3475 terrac.
829 3409 915 3473 Istas
938 3416 1042 3473 terras
1063 3416 1097 3473 et
1119 3415 1305 3472 tenementa

196 3512 349 3595 praedicto
374 3512 571 3577 monasterio
595 3512 809 3596 Croylandiae,
836 3518 870 3575 et
899 3510 1066 3575 monachis
1088 3510 1210 3575 ibidem
1233 3510 1305 3575 Deo

196 3615 418 3695 servientibus,
444 3616 480 3679 in
508 3615 674 3699 pacificam
698 3622 732 3678 et
757 3621 946 3697 perpetuam
974 3613 1206 3696 possessionem
1227 3636 1305 3679 con-

196 3718 285 3799 cedo,
305 3718 408 3799 trado,
432 3726 465 3783 et
489 3717 653 3795 confirmo,
676 3715 826 3781 habenda
843 3716 882 3781 dc
903 3738 955 3780 me
975 3721 1008 3779 et
1026 3715 1206 3788 haeredibus
1225 3717 1305 3782 meis

195 3821 440 3905 quibuscunque
468 3819 598 3904 regibus
627 3820 827 3885 Marciorum
856 3826 929 3903 post
957 3840 1011 3882 me
1041 3819 1245 3897 successuris,
1271 3818 1305 3881 in

195 3946 309 4007 puram
329 3932 362 3988 et
381 3932 568 4008 perpetuam
584 3921 812 3986 eleemosinam
829 3921 941 4001 bbere,
957 3922 1075 4005 quiete,
1091 3929 1124 3985 et
1142 3922 1246 3985 solute
1264 3920 1305 3985 ab

194 4026 345 4091 omnibus
366 4026 517 4090 oncribns
539 4024 755 4103 sacularibus,
780 4024 1012 4104 exactionibus,
1035 4032 1070 4089 et
1094 4024 1304 4107 vectigalibus

195 4130 362 4209 universis,
378 4150 581 4213 quocumque
602 4128 734 4193 nominc
752 4136 954 4193 censeantur.
1001 4127 1099 4195 Quod
1118 4126 1233 4210 siquis
1248 4126 1303 4190 ad-

195 4232 362 4313 versarius,
378 4232 554 4315 instigante
568 4231 706 4310 diabolo,
723 4231 758 4295 in
773 4231 1018 4315 quibuscunque
1032 4228 1195 4314 praedictis
1209 4230 1304 4293 terris

195 4344 252 4399 aut
267 4334 468 4413 tenementis,
485 4342 535 4400 tot
555 4351 668 4418 regum
689 4335 793 4418 spatio
814 4335 945 4418 pacifice
963 4331 1128 4417 possessis,
1144 4342 1304 4397 eteorum

302 4452 575 4525 ¹w2nungnns
948 4449 1197 4522 manuum.
