3234 5125
480 410 801 468 MISOELLANEOUS
820 408 1033 467 CHARTERS.
1257 412 1310 465 259

204 580 339 645 Domini
364 582 589 648 maledictione
612 592 809 668 permaneat,
836 592 870 648 et
890 606 910 647 a
934 590 1054 647 sancte
1073 582 1137 647 Dei
1161 582 1311 647 aecclesiae

203 684 374 765 consortio,
384 693 635 771 sanctorumque
642 687 790 752 omnium
798 686 1012 753 contubernio
1022 686 1179 770 privatus,
1191 692 1313 750 aeterna

203 788 349 851 misellus
381 788 575 873 dampnetur
605 790 746 870 miseris,
776 790 840 855 nisi
869 790 1058 874 resipiscens
1086 788 1310 853 satisfaciendo

203 890 382 956 restituerit
395 892 483 977 quod
496 892 532 956 in
546 893 683 957 Domini
697 893 899 978 possessione
913 892 1033 957 violare
1047 891 1262 977 presumpsit.

606 1352 704 1407 KING
722 1352 891 1407 EADGAR.

245 1499 299 1564 Ad
327 1496 557 1584 redemptionis
588 1522 656 1564 sure
685 1508 898 1584 augmentum
933 1500 1023 1563 omni
1053 1506 1172 1564 conetu
1200 1498 1309 1565 cuncti

202 1601 333 1666 student
356 1602 537 1681 orthodoxi,
554 1608 593 1666 ut
609 1602 696 1682 fidei,
716 1604 795 1687 spei,
814 1602 1022 1687 mutatisque
1039 1602 1097 1666 alis
1119 1602 1219 1665 veluti
1241 1623 1308 1665 ves-

201 1706 286 1767 tium
308 1705 433 1789 fulgore
456 1705 576 1785 amicti,
602 1706 884 1790 preciosarumque
913 1705 1082 1790 splendore
1108 1726 1308 1787 gemmarum

202 1807 358 1885 adornati,
374 1816 558 1873 sanctarum
573 1809 731 1873 virtutum
749 1809 842 1894 copis
855 1808 1024 1893 perspicui,
1039 1807 1211 1873 criminum
1229 1829 1308 1893 pon·

202 1910 277 1975 dere
292 1912 418 1989 semoti,
433 1912 554 1976 terreni
573 1912 714 1996 corporis
733 1912 896 1995 ergastulo
911 1919 1084 1990 versantes,
1103 1910 1309 1975 lacrimarum

201 2014 283 2078 valle
308 2036 382 2079 cnm
406 2015 508 2078 nimio
532 2014 686 2097 degentes
709 2016 895 2093 certamine,
922 2015 1024 2079 totius
1053 2014 1154 2078 animi
1184 2014 1308 2079 cultum

92 2170 99 2181 .
201 2117 311 2181 celesti
332 2117 532 2181 habitatione
555 2117 700 2181 theorico
728 2118 834 2201 figunt
860 2116 1088 2182 meditamine:
1120 2118 1308 2196 “Nostra’'

201 2219 307 2302 inquit
324 2219 499 2303 apostolus,
515 2224 537 2256 “
547 2220 748 2285 conversatio
761 2220 797 2282 in
813 2220 889 2284 celis
903 2220 985 2283 est.''
1032 2220 1120 2285 Hinc
1135 2220 1234 2303 igitur
1249 2241 1309 2304 ego

202 2321 341 2404 Eadgar,
366 2322 499 2386 Domini
528 2322 686 2405 largiente
712 2322 826 2405 gratim
852 2322 952 2385 totius
981 2322 1131 2387 Albionis
1159 2322 1308 2402 basileus,

201 2424 311 2487 sedula
347 2446 523 2508 procurans
550 2424 775 2503 sollicitudine,
808 2446 851 2488 ne
888 2424 1118 2489 catholicorum
1150 2424 1308 2511 quispiam

202 2526 322 2592 actuali
340 2526 460 2611 degens
479 2527 732 2606 conversatione,
753 2526 862 2611 eliqua
878 2526 1069 2592 secularium
1090 2548 1198 2592 rerum
1215 2549 1308 2593 vexa·

202 2629 333 2694 tiones
357 2631 608 2714 contemplative
632 2630 806 2715 impeditus
829 2631 896 2694 vita
925 2630 1101 2714 incongrue
1129 2639 1307 2710 revocetur,

200 2735 287 2818 qnod
314 2735 393 2799 olim
421 2757 442 2798 a
460 2734 752 2818 predecessoribus
780 2733 900 2798 nostris
929 2733 1081 2798 aecclesiis
1106 2733 1241 2799 Domini
1267 2735 1308 2798 ad

200 2838 251 2901 sui
264 2837 437 2902 famulatus
458 2836 649 2921 obsequium
668 2837 797 2921 egregia
818 2857 1004 2902 concessum
1022 2835 1126 2901 fueret
1147 2835 1308 2916 libertate,

199 2941 381 3005 renovando
395 2940 607 3005 libentissime
621 2961 793 3024 recupero:
816 2940 913 3024 hujus
928 2939 975 3004 rei
990 2939 1095 3023 gratie
1109 2959 1185 3004 rura
1199 2939 1309 3004 omnia

201 3043 385 3128 praedictab
403 3051 436 3108 et
459 3044 606 3128 superius
629 3043 792 3108 distinctis
810 3043 890 3108 locis
911 3042 1086 3108 ordinatim
1107 3042 1199 3107 novis
1220 3043 1307 3108 litte·

200 3169 308 3211 rarum
336 3145 480 3231 apicibus
510 3145 688 3229 designata,
722 3145 846 3211 Christi
880 3151 1093 3232 compunctus
1122 3145 1306 3234 spiramine,

195 3253 286 3334 justo
309 3257 404 3314 utens
420 3249 554 3334 judicio,
573 3248 613 3313 sd
633 3271 711 3312 usus
731 3248 922 3333 pontificum
942 3247 1134 3334 supradictae
1156 3247 1307 3312 aecclesise

196 3355 272 3438 jura
289 3352 439 3436 religiosa
455 3351 647 3435 regentium,
662 3373 721 3435 pro
738 3351 856 3416 enimse
875 3371 955 3416 mese
972 3350 1086 3430 salute,
1102 3350 1255 3435 regnique
1271 3371 1308 3416 ec

198 3477 416 3520 successorum
429 3476 576 3520 meorum
591 3455 811 3540 prosperitate,
823 3461 946 3519 aeterna
958 3454 1118 3533 libertate,
1135 3475 1209 3518 cnm
1224 3455 1306 3540 opti-

199 3567 323 3623 matum
337 3579 484 3623 meorum
499 3558 644 3636 consilio,
656 3557 790 3622 devotus
804 3557 990 3622 ammodum
1005 3557 1145 3636 restitui,
1156 3557 1307 3640 omnique

200 3661 334 3727 seculari
358 3661 465 3725 soluta
486 3660 624 3742 gloriose
648 3659 749 3724 ditavi
771 3661 936 3738 servitute,
959 3680 1002 3724 ne
1024 3659 1191 3724 vexatione
1212 3681 1307 3722 mun-

200 3767 292 3830 danoe
321 3762 513 3843 afflictionis,
542 3785 635 3827 mens
665 3763 841 3846 presidum
870 3783 929 3846 pro
962 3763 1082 3826 nostris
1112 3761 1307 3826 facinoribus

198 3867 467 3933 intercedentium
496 3889 517 3930 a
544 3865 654 3930 divina
682 3865 954 3950 contemplatione
982 3873 1107 3930 remota
1130 3863 1307 3928 deficiendo

197 3973 376 4036 lassesceret.
421 3969 462 4033 In
479 3968 612 4032 nomine
629 3968 724 4032 slmoe
738 3968 908 4032 Trinitatis
923 3973 956 4032 et
971 3966 1144 4031 individue
1161 3965 1306 4031 Unitatis

198 4072 420 4158 praecipient
449 4070 690 4136 succedentium
719 4077 902 4152 temporum
931 4069 1071 4154 episcopi
1100 4069 1147 4132 ita
1175 4089 1305 4151 gregem

197 4175 368 4260 dyrocheo,
394 4173 427 4237 id
444 4182 503 4251 est,
522 4172 644 4257 duplici
662 4180 767 4256 pastu,
788 4173 936 4238 nutrient
959 4172 1203 4250 monachorum,
1221 4171 1307 4236 sicut

197 4279 315 4343 nostris
338 4277 537 4360 temporibus
560 4297 617 4360 per
642 4276 837 4360 sapientium
857 4275 1042 4340 ordinatum
1066 4281 1116 4338 est
1138 4273 1305 4357 providen-

572 4420 580 4449 ¹
601 4417 652 4471 See
663 4417 807 4490 preceding
818 4419 930 4472 churter.

1081 4528 1095 4568 s
1111 4511 1131 4570 2
