3234 5125
517 441 838 498 MISOELLANEOUS
857 444 1070 500 CHARTERS.
1293 443 1345 494 405

239 619 326 675 terra
356 621 391 676 et
419 614 454 677 in
485 636 578 698 aqua,
609 624 643 679 et
673 616 940 680 consuetudinem
970 637 1032 700 quc
1063 616 1182 679 dicitur
1211 623 1343 692 teames,
1448 651 1453 658 ·

240 714 392 794 latrones,
408 716 635 800 latronumque
653 719 821 802 capciones
835 719 886 782 vel
900 719 1098 797 emissiones,
1113 726 1146 781 et
1160 718 1247 800 pacis
1262 717 1345 781 frac·

241 825 357 896 turam,
373 827 407 881 et
423 841 565 903 pugnam
583 821 618 883 in
639 821 735 886 domo
756 822 885 901 factam,
903 829 937 886 et
953 822 1068 886 domus
1084 820 1295 898 invasionem,
1311 828 1345 884 et

238 941 349 984 omues
372 922 513 986 assultus
530 923 566 986 in
585 945 644 987 suo
655 925 740 1007 jure,
755 924 792 988 in
805 925 858 988 via
873 932 906 988 et
921 934 1020 1003 extra,
1036 925 1071 987 in
1090 924 1174 987 festo
1193 931 1227 986 et
1242 930 1342 1001 extra,

237 1021 273 1085 in
292 1023 371 1088 urbe
393 1033 427 1087 et
441 1033 543 1104 extra,
559 1034 592 1089 et
607 1048 719 1090 omnes
741 1027 829 1111 leges
848 1034 881 1090 et
896 1027 1143 1092 consuetudines
1164 1035 1232 1090 tarn
1249 1027 1343 1109 plene

238 1133 271 1188 et
285 1132 353 1188 tam
367 1126 467 1191 libere
483 1127 567 1192 sicut
581 1149 635 1192 eas
648 1129 806 1192 habebam
822 1130 857 1193 in
868 1151 968 1194 manu
984 1151 1065 1194 mea.
1112 1132 1166 1207 Et,
1182 1136 1220 1192 ut
1234 1129 1344 1193 omnia

238 1229 435 1308 concludam,
467 1231 576 1294 nullus
605 1231 847 1296 succedentium
876 1253 1000 1314 regum,
1026 1253 1082 1315 per
1106 1232 1171 1295 vim
1199 1241 1256 1295 aut
1286 1252 1343 1314 per

237 1333 511 1412 consuetudinem,
531 1342 661 1417 pastum
684 1334 723 1398 sb
746 1355 859 1399 eorum
880 1334 1132 1419 possessionibus
1151 1334 1267 1416 exigat,
1287 1333 1341 1396 sed

237 1435 455 1501 omnimodam
487 1437 670 1502 libertatem
699 1439 930 1522 perpetualiter
964 1436 1090 1502 habeat.
1150 1438 1229 1500 Post
1258 1437 1341 1500 hauc

237 1539 447 1604 donacionem
465 1541 825 1606 excommunicaverunt
850 1562 962 1605 omnes
987 1540 1127 1624 episcopi
1153 1547 1185 1603 et
1210 1538 1341 1602 abbates

237 1642 341 1706 tocius
367 1642 495 1726 Anglie,
522 1665 560 1708 ac
584 1643 736 1708 monachi
762 1665 800 1707 sc
829 1643 948 1722 clerici,
973 1643 1150 1707 secundum
1175 1641 1341 1725 apostolici

238 1745 357 1808 Leonis
381 1754 576 1830 preceptum,
593 1748 718 1830 eosqui
741 1747 802 1810 hoc
824 1747 1039 1810 coustitutum
1061 1745 1277 1827 infringerent
1292 1744 1341 1807 vel

237 1846 370 1930 infringi
395 1849 629 1932 permitterent,
646 1856 802 1932 quantum
826 1850 861 1912 in
883 1849 961 1934 ipsis
980 1857 1073 1913 esset.
1121 1848 1157 1912 Si
1174 1848 1246 1931 quis
1265 1867 1341 1911 vero

237 1949 320 2014 hanc
345 1959 488 2016 nostram
519 1951 727 2016 donacionem
757 1972 876 2035 sugere
905 1958 939 2014 et
968 1951 1161 2034 amplificare
1191 1949 1338 2026 voluerit,

238 2063 354 2136 augeat
369 2054 457 2118 Deus
479 2055 547 2118 dies
569 2056 638 2139 ejus
660 2075 828 2138 prosperos
850 2054 903 2118 hic
924 2055 1013 2118 etin
1035 2055 1163 2117 futuro:
1187 2053 1214 2116 si
1230 2061 1338 2115 autem

238 2158 378 2220 evenerit
393 2166 430 2220 ut
445 2158 569 2241 aliquis,
586 2167 643 2222 aut
658 2179 769 2242 regum
784 2158 1037 2222 succedencium
1052 2158 1102 2221 vel
1120 2158 1255 2242 alicujus
1268 2177 1339 2241 per-

238 2279 325 2322 souae
348 2259 456 2338 homo,
481 2261 567 2342 quod
588 2281 654 2324 nou
680 2269 841 2344 optamus,
857 2261 1016 2325 diabolica
1037 2264 1221 2324 temeritate
1243 2260 1341 2324 fuerit

237 2361 340 2426 elatus
364 2362 414 2426 vel
446 2361 609 2441 seductus,
636 2371 795 2446 quatenus
826 2364 888 2427 hoc
916 2371 1065 2428 nostrum
1097 2371 1257 2427 statutum
1289 2364 1339 2425 in-

237 2465 377 2548 hiugere
391 2465 441 2528 vel
467 2466 614 2530 minuere
636 2475 694 2530 aut
715 2467 749 2529 in
771 2467 859 2531 aliud
881 2475 1009 2531 mutare
1023 2467 1111 2544 velit,
1127 2468 1208 2531 sciat
1223 2489 1257 2530 se
1271 2488 1341 2550 per·

237 2579 336 2653 petuo
351 2570 556 2634 anathemate
570 2571 771 2649 damnatum,
787 2571 852 2634 nisi
872 2580 984 2635 tamen
1002 2571 1101 2654 digua
1119 2572 1342 2636 satisfaccione

237 2672 463 2736 emendaverit.
510 2674 568 2737 Sin
590 2682 698 2737 autem
722 2674 951 2739 emendacione
972 2674 1071 2739 fuerit
1090 2674 1255 2757 indignus,
1272 2674 1342 2758 ipse

238 2775 368 2859 quidem
394 2797 468 2839 cum
494 2776 580 2839 Juda
609 2776 765 2841 traditore
792 2778 949 2841 Gehenne
978 2777 1109 2861 ignibus
1134 2777 1339 2842 cremabitur.

239 2878 304 2943 Sed
332 2879 402 2943 haeo
428 2886 516 2943 certa
544 2878 774 2943 nichilominus
806 2880 842 2943 in
873 2902 932 2944 sua
961 2880 1111 2945 libertate
1140 2882 1341 2964 permanebit

238 2981 391 3065 quamdiu
411 2982 588 3047 Christiani
614 2982 754 3045 nominis
780 2984 880 3046 timor
909 2992 942 3047 et
966 3004 1058 3049 amor
1082 2984 1117 3047 in
1140 2984 1201 3048 hcc
1229 2994 1342 3049 nostra

237 3092 334 3168 gente
348 3085 605 3169 perseveraverit.
643 3085 876 3164 ild-ultimum,
889 3096 1011 3150 cartam
1026 3088 1122 3150 istam
1134 3087 1293 3152 conscribi
1307 3097 1341 3152 et

238 3188 370 3271 sigillari
389 3188 483 3271 jussi,
500 3196 533 3251 et
553 3188 622 3272 ipse
645 3209 744 3252 msnu
771 3210 845 3253 mea
861 3189 991 3271 signum
1017 3197 1128 3254 sancte
1151 3190 1255 3253 crucis
1277 3190 1339 3253 im·

237 3292 346 3374 pressi,
367 3298 400 3355 ct
424 3290 557 3354 idoneos
581 3298 679 3355 testes
703 3292 853 3355 annotari
875 3290 1009 3375 precepi.
1060 3291 1112 3355 Ad
1133 3291 1340 3357 corroborau-

237 3393 312 3457 dam
327 3394 435 3477 itaque
453 3394 537 3457 hauc
559 3393 748 3457 donacionis
769 3393 965 3472 libertatem,
987 3416 1047 3476 ego
1064 3393 1251 3474 Edwardus,
1271 3397 1342 3461 Deo

237 3496 393 3579 largiente
398 3496 579 3579 Anglorum
595 3518 661 3573 rex,
674 3497 804 3579 signum
816 3497 995 3560 venerande
1010 3498 1114 3561 crucis
1129 3498 1275 3582 impressi
1288 3503 1340 3581 ᾖ.

237 3600 309 3681 Ego
324 3598 473 3681 Eadgiba
496 3599 609 3681 regina
635 3598 710 3663 huic
734 3598 902 3663 donacioni
926 3600 1012 3681 regis
1035 3602 1241 3665 consenciens
1264 3603 1338 3666 sub-

237 3700 349 3784 scripsi
365 3704 417 3782 ›1‹.
462 3702 534 3783 Ego
556 3700 732 3783 Stigandus
755 3702 1012 3785 archiepiscopus
1038 3704 1186 3767 consensi
1210 3712 1244 3768 et
1265 3705 1339 3769 sub-

237 3804 349 3887 scripsi
365 3808 416 3886 ›1⁴.
461 3805 533 3886 Ego
548 3804 728 3869 Ealdredus
751 3804 1010 3889 archiepiscopus
1034 3806 1181 3870 consensi
1207 3815 1241 3869 et
1266 3807 1339 3870 sub·
1390 3821 1393 3827 “

237 3908 350 3991 scripsi
362 3910 413 3989 ᾧ.
437 3958 439 3963 .
459 3910 530 3990 Ego
540 3906 702 3971 Walterus
716 3908 885 3991 episcopus
900 3909 1046 3972 consensi
1061 3916 1095 3971 et
1104 3908 1275 3991 subscripsi
1286 3912 1338 3990 »1«.

237 4012 308 4093 Ego
334 4010 501 4075 Leofricus
530 4010 698 4094 episcopus
721 4010 871 4074 consensi
900 4018 933 4074 et
962 4010 1135 4093 subscripsi
1150 4014 1201 4092 >Xe
1269 4012 1341 4094 Ego

238 4113 434 4176 Willielmus
454 4114 620 4196 episcopus
644 4113 790 4177 consensi
805 4122 840 4177 et
853 4113 1026 4195 subscripsi
1042 4116 1093 4194 »1«.
1148 4114 1220 4194 Ego
1237 4114 1339 4177 Here·

237 4238 375 4279 mannus
390 4217 557 4299 episcopus
570 4217 718 4281 consensi
733 4225 766 4281 et
782 4215 955 4299 subscripsi
972 4219 1023 4297 »1«.
1070 4216 1141 4297 Ego
1151 4214 1341 4278 Wulstanus

238 4319 404 4402 episcopus
420 4320 568 4382 consensi
583 4327 616 4383 et
631 4319 803 4402 subscripsi
822 4323 872 4402 >le
914 4320 986 4401 Ego
998 4316 1160 4382 Siwardus
1175 4317 1341 4402 episcopus

237 4421 384 4484 consensi
408 4429 440 4483 et
465 4421 638 4503 subscripsi
654 4424 706 4502 ᾖ.
770 4422 841 4502 Ego
856 4420 1051 4483 Wullvinus
1076 4420 1241 4503 episcopus
1264 4442 1340 4485 cou-
