3234 5125
480 419 799 476 MISOELLANEOUS
819 421 1033 479 cHARruRs.
1256 429 1308 482 40⁷

205 602 239 657 et
265 595 305 657 ab
329 594 520 658 occidentali
549 615 606 658 ora
630 593 776 678 ejusdem
801 594 891 658 urbis
913 595 1031 658 dicitur
1052 597 1308 662 westmonaste-

205 696 299 774 rium,
328 719 399 780 quae
429 697 586 761 aedificata
609 697 739 780 quidem
763 695 869 760 fluerat
893 697 1073 780 antiquitus
1094 698 1154 762 sub
1177 700 1306 779 Melito,

204 798 382 863 Londoniae
410 800 515 883 primo
545 799 703 884 episcopo,
729 799 817 863 socio
843 807 877 863 et
902 807 1172 884 contemporaneo
1195 802 1307 867 Sancti

204 902 390 984 Augustini,
401 903 498 986 primi
507 902 690 968 Cantuariae
700 902 941 986 archiepiscopi,
953 910 986 966 et
996 925 1053 987 per
1061 904 1167 987 ipsum
1175 904 1306 969 beatum

204 1005 348 1084 Petrum,
372 1005 517 1088 angelico
545 1006 722 1070 famulante
747 1005 888 1084 servitio,
911 1014 1029 1070 sanctae
1050 1007 1153 1071 crucis
1173 1007 1307 1092 impres-

204 1107 294 1171 sione
319 1116 352 1172 et
373 1109 454 1172 sacri
477 1109 635 1172 crismatis
656 1108 866 1191 perunctione
888 1107 1053 1188 dedicata;
1085 1109 1142 1173 sed
1163 1132 1221 1194 per
1241 1111 1304 1176 fre·

204 1217 338 1293 quantes
360 1211 557 1274 incursiones
578 1211 797 1289 barbarorum,
821 1219 854 1275 et
875 1211 1014 1275 maxime
1036 1212 1214 1291 Danorum,
1237 1215 1305 1296 qui,

203 1322 294 1397 patre
303 1313 577 1379 meomteldredo
588 1315 724 1393 vivente,
734 1315 945 1398 irruptionem
953 1315 1144 1398 inAngliam
1152 1317 1304 1396 fecerant,

204 1424 237 1481 et
258 1439 297 1481 eo
320 1424 448 1480 mortuo
471 1437 545 1480 eum
562 1417 661 1479 fratre
683 1437 756 1480 meo
775 1416 968 1481 Eadmundo
982 1417 1154 1481 dimidium
1167 1439 1305 1502 regnum

203 1520 263 1584 sub
278 1520 492 1584 amicitiarum
506 1519 654 1602 pactione
668 1527 850 1597 tenuerant,
865 1519 1061 1603 fratremque
1078 1542 1187 1584 meum
1206 1521 1304 1586 alium

204 1623 384 1686 AElfredum
399 1621 625 1687 miserabiliter
638 1621 851 1705 interceptum
871 1631 1090 1702 enecaverant,
1106 1625 1253 1707 neglecta
1271 1633 1306 1689 et

203 1727 333 1810 penitus
350 1726 513 1790 destructa
532 1724 709 1789 videbatur.
756 1725 840 1786 Cum
855 1745 931 1806 ergo
948 1747 1151 1790 renovassem
1171 1748 1253 1805 eam,
1271 1736 1305 1793 et

203 1831 306 1894 multa
330 1830 496 1914 privilegia
521 1828 618 1911 regiae
644 1828 813 1911 potestatis
836 1835 869 1890 et
891 1827 1074 1910 apostolicas
1101 1831 1303 1895 auctoritatis

202 1955 258 2016 per
271 1935 404 1997 beatum
416 1933 558 1996 Leonem
573 1951 689 2015 papam
703 1930 738 1992 in
753 1951 791 1992 ea
805 1929 1055 2008 constituissem,
1068 1930 1221 1996 defuncto
1234 1934 1305 2017 ipso

202 2037 323 2113 Leone,
338 2043 371 2098 et
389 2036 577 2100 confirmato
596 2034 632 2096 in
650 2033 719 2116 ejus
740 2033 811 2096 loco
828 2031 998 2110 Nioholao,
1017 2033 1136 2115 placuit
1153 2035 1234 2097 mihi
1254 2056 1304 2099 re-

202 2161 329 2217 novare,
346 2139 523 2216 meliorare,
540 2145 573 2201 et
594 2137 783 2200 confirmare
799 2134 1049 2198 consuetudines
1064 2142 1097 2198 et
1112 2135 1303 2202 donaciones

201 2241 419 2325 pecrmiarum,
439 2263 517 2324 quas
535 2249 750 2304 antecessores
765 2238 829 2300 mei
843 2259 934 2319 reges
958 2239 1078 2301 Sancto
1094 2241 1190 2303 Petro
1210 2240 1303 2304 insti-

201 2353 342 2424 tuerant,
364 2353 494 2428 propter
516 2364 676 2406 summam
699 2341 901 2405 devotionem
925 2362 1022 2423 quam
1043 2342 1158 2405 habuit
1179 2364 1305 2426 semper

202 2447 383 2531 Anglorum
406 2468 484 2529 gens
506 2467 582 2528 erga
603 2467 677 2508 eum
700 2452 733 2507 et
752 2443 822 2526 ejus
840 2443 984 2506 vicarios,
1030 2445 1155 2526 Itaque,
1174 2455 1305 2530 propter

201 2551 263 2616 hoc
284 2550 449 2633 negotium
472 2557 505 2613 et
526 2549 587 2611 alia
613 2547 812 2631 quamplura,
832 2545 954 2627 legatos
973 2545 1047 2609 misi
1068 2547 1217 2628 Romam,
1238 2550 1303 2633 epi.

200 2677 332 2739 scopum
363 2676 464 2717 unum
493 2651 681 2729 Aldredum,
708 2657 741 2713 et
770 2650 850 2713 duos
875 2648 993 2711 electos
1021 2648 1063 2711 ad
1091 2648 1304 2714 ordinandum

201 2762 374 2846 episcopos,
392 2758 589 2840 Ghysonem,
605 2753 737 2830 scilicet,
749 2760 781 2815 et
795 2751 988 2829 Walterum,
1003 2757 1042 2813 ut
1056 2772 1076 2813 a
1090 2750 1209 2816 domno
1222 2775 1305 2837 papa

200 2872 410 2930 sacrarentur.
439 2921 441 2924 ,
454 2859 631 2923 Venientes
647 2863 756 2919 autem
771 2855 921 2932 Romam,
937 2850 978 2916 ab
993 2854 1166 2936 apostolico
1180 2855 1303 2920 Nicho·

199 2969 251 3032 lao
272 2968 393 3031 honore
422 2984 486 3046 quo
515 2960 648 3024 decebat
673 2965 750 3020 sunt
774 2955 934 3039 suscepti;
968 2954 1161 3019 invenerunt
1189 2956 1236 3020 ibi
1264 2959 1305 3021 ad

200 3071 348 3135 sinodum
379 3070 604 3150 congregatam
633 3059 876 3125 multitudinem
899 3079 1048 3141 magnam
1073 3059 1305 3143 episcoporum,

200 3174 361 3250 abbatum,
386 3168 626 3243 monachorum,
650 3163 848 3240 clericorum,
874 3169 1127 3245 caeterorumque
1151 3164 1304 3229 fidelium.

201 3278 348 3360 Cumque
370 3272 520 3336 audiente
542 3267 655 3332 sinodo
677 3287 743 3329 suae
765 3265 934 3348 legationis
957 3285 1086 3328 causam
1108 3276 1305 3349 perorarent,

200 3380 296 3463 hujus
313 3396 471 3441 summam
493 3372 635 3455 epistolae
650 3371 768 3434 domno
786 3389 877 3451 papae
894 3367 1091 3432 obtulerunt.
1138 3371 1306 3434 “Summo

201 3480 386 3546 universalis
401 3476 541 3541 ecclesias
557 3473 640 3557 patri
656 3472 825 3549 Nioholao,
838 3470 1024 3550 Edwardus,
1036 3471 1144 3553 gracia
1158 3472 1222 3537 Dei
1235 3475 1304 3538 An-

200 3586 326 3669 glorum
341 3603 408 3659 rex,
423 3577 564 3643 debitam
582 3575 815 3660 subjectionem
833 3581 866 3637 et
886 3573 1109 3637 omnimodum
1127 3575 1304 3639 servitium.

202 3689 426 3753 Glorificamus
446 3684 564 3760 Deum,
588 3680 664 3763 quia
684 3700 794 3743 curam
818 3677 917 3742 habet
936 3699 1002 3741 suae
1022 3678 1131 3741 electae
1151 3679 1304 3756 ecelesiae,

200 3792 352 3875 quoniam
369 3788 404 3851 in
421 3787 491 3851 loco
511 3784 588 3848 boni
602 3780 833 3867 predecessoris
847 3802 902 3844 vos
917 3780 1076 3864 optimum
1091 3802 1305 3844 successorem

200 3892 378 3959 constituit.
424 3889 629 3971 Quapropter
640 3885 766 3967 justum
778 3882 961 3967 judicamus
977 3882 1062 3966 apud
1077 3904 1143 3960 vos,
1159 3881 1248 3946 velut
1264 3883 1304 3945 ad

201 3996 335 4061 solidam
358 3999 483 4076 petram
506 4008 619 4054 acuere
641 3994 674 4050 et
695 3985 831 4070 probare
852 4005 963 4048 omnes
984 3984 1085 4048 bonas
1106 3984 1306 4048 intenciones

200 4106 337 4175 nostras,
350 4104 383 4160 et
397 4101 536 4158 vestram
550 4089 704 4155 noticiam
720 4096 816 4171 atque
831 4088 1015 4151 societatem
1027 4086 1063 4147 in
1076 4085 1162 4148 bono
1176 4086 1304 4165 habere,

201 4201 351 4286 quatinus
372 4219 425 4262 eas
448 4196 639 4259 donaciones
663 4199 697 4257 et
719 4190 886 4275 privilegia
908 4209 979 4271 quae
1000 4186 1201 4252 obtinuimus
1220 4189 1305 4271 apud

200 4304 455 4389 predecessorem
472 4305 614 4361 vestrum
632 4293 792 4359 renovetis
809 4299 843 4357 et
860 4290 1003 4375 augeatis
1023 4289 1127 4368 uobis,
1146 4289 1303 4370 videlicet,

200 4414 238 4470 ut
261 4405 345 4489 quod
363 4402 417 4467 ille
437 4400 577 4485 injunxit
593 4396 686 4462 nobis
706 4396 766 4461 sub
784 4394 915 4459 nomine
930 4392 1129 4458 obaedientiae
1147 4414 1184 4457 ac
1201 4394 1303 4477 poeni.
