3234 5125
316 372 369 427 200
591 372 912 429 ursoncmmnous
932 369 1145 427 CHARTERS.

316 540 406 621 tiam,
422 548 455 606 et
469 542 623 607 alimenta
636 564 676 607 ex
691 541 916 607 Ciltancumbe
936 540 1101 605 monacbis
1118 538 1246 623 copiose
1265 537 1424 615 tribuant,

314 652 349 707 et
377 644 447 710 sine
475 646 543 710 ulla
570 646 765 713 retractione
792 644 940 710 hilariter
964 642 1221 721 subministrent,
1245 650 1278 706 et
1303 641 1424 705 nullius

315 746 493 813 nimietatis
515 750 741 835 inquietudine
766 746 974 833 perturbent3
1003 766 1046 809 ne
1068 768 1088 809 a
1110 744 1178 809 vita
1200 744 1353 822 theorica,
1373 743 1424 807 vel

315 849 528 915 immoderata
563 852 778 937 superfluitas,
811 850 862 914 rel
890 848 1101 913 intolerabilis
1133 854 1315 931 paupertas,
1348 867 1422 911 cum

315 974 434 1035 magno
457 953 558 1017 animi
583 954 778 1019 detrimento
800 953 874 1017 illos
902 958 1063 1030 amoveat,
1085 951 1195 1015 omnia
1219 950 1254 1014 in
1279 951 1366 1015 victu
1388 955 1422 1013 et

316 1055 436 1119 vestitu
450 1056 629 1121 secundum
646 1057 767 1140 regule
785 1055 947 1121 modificet
963 1062 1170 1138 praeceptum.
1215 1053 1311 1117 Certe
1326 1073 1421 1117 cano-

315 1157 380 1220 nici
399 1158 491 1223 omni
509 1158 665 1224 viciorum
686 1180 778 1223 naevo
799 1157 971 1241 deturpati,
992 1156 1081 1220 inani
1102 1155 1204 1239 gloria
1225 1154 1352 1233 tumidi,
1372 1154 1422 1217 in-

315 1259 410 1325 vidiae
438 1260 538 1326 livore
563 1261 677 1341 tabidi,
708 1260 912 1346 philargyriae
942 1259 1076 1323 maculis
1108 1258 1263 1337 obcecati,
1286 1257 1421 1322 luxuriae

314 1362 437 1427 facibus
458 1364 562 1444 libidi‚
582 1365 667 1448 gulae
684 1363 871 1429 omnimodo
893 1361 1003 1441 dediti,
1025 1362 1094 1445 regi
1115 1369 1245 1425 terreno
1266 1381 1332 1425 non
1354 1361 1420 1443 epi·

314 1487 412 1549 scopo
432 1466 580 1551 subjecti,
602 1468 731 1552 proefati
748 1467 832 1531 ruris
849 1487 911 1530 usu
927 1470 1080 1529 veterano
1097 1464 1251 1529 moderno
1276 1470 1421 1547 tempore

314 1570 526 1652 pascebantur
551 1571 724 1635 alimentis.
777 1569 978 1634 Ebrietatem
1007 1567 1165 1653 siquidem
1189 1574 1222 1631 et
1246 1567 1422 1631 homicidia

314 1678 483 1751 sectantes,
507 1673 663 1757 conjuges
684 1694 759 1737 suas
774 1672 913 1756 turpiter
932 1671 1034 1735 nimia
1056 1678 1089 1735 et
1111 1671 1267 1734 inusitata
1287 1670 1420 1735 libidine

314 1773 554 1857 amplectentes,
581 1776 758 1840 aeoeluism
784 1776 846 1840 Dei
876 1795 948 1839 raro
976 1782 1010 1837 et
1038 1774 1189 1858 perpauci
1217 1772 1420 1858 frequentare

314 1877 474 1957 volebant,
498 1900 559 1943 nec
588 1879 683 1943 horas
712 1878 872 1945 celebrare
896 1877 1064 1941 canonicas
1089 1875 1324 1959 dignabantur3
1356 1898 1420 1959 quo

313 1988 406 2044 reatu
427 1981 537 2065 ejectis
557 2002 632 2045 cum
654 1982 824 2066 praeposito
844 1979 1017 2058 canonicis,
1038 1986 1072 2043 et
1095 1978 1261 2047 eliminata
1276 1979 1418 2042 immun-

313 2081 429 2146 dorum
450 2084 617 2166 spurcicia,
640 2084 791 2149 monachi
807 2085 842 2146 in
860 2082 935 2147 sede
952 2082 1121 2146 constituti
1138 2089 1215 2146 sunt
1238 2082 1418 2165 episcopali,
1518 2133 1525 2147 .

314 2186 370 2268 qui
393 2187 513 2251 sanctis
536 2186 684 2251 adornati
708 2187 891 2267 virtutibus,
911 2185 1096 2250 humilitate
1113 2186 1267 2270 precipui,
1290 2186 1418 2269 vigiliis,

314 2289 455 2373 hymnis,
480 2296 514 2354 et
536 2290 736 2355 orationibus
762 2290 891 2369 assidui,
918 2288 1113 2353 abstinentia
1137 2288 1244 2367 macti,
1271 2289 1419 2353 castitate

312 2392 482 2476 perspicui,
512 2393 656 2477 legitime
680 2394 833 2473 viverent,
864 2401 897 2456 et
926 2390 1116 2476 obsequium
1146 2392 1298 2456 oecclesiae
1323 2413 1417 2476 regu-

312 2494 421 2558 lariter
434 2495 617 2580 implerent.
662 2497 754 2562 Rura
768 2495 889 2580 absque
907 2493 1007 2559 dubio
1024 2492 1170 2578 superius
1190 2502 1303 2558 notata
1319 2494 1416 2558 bene-

270 2649 273 2656 .
311 2597 384 2661 vola
411 2598 512 2662 studii
540 2600 731 2678 intentione,
761 2608 796 2664 et
825 2620 897 2682 quae
929 2599 1050 2682 injuste
1083 2597 1246 2661 abstracta
1277 2597 1417 2676 buerant,

311 2700 444 2765 Durtun
476 2703 635 2782 videlicet,
668 2704 809 2781 Tenum,
845 2700 1019 2779 Abesford,
1055 2700 1193 2779 Cleares,
1228 2701 1417 2780 'licceburm

312 2803 451 2887 Uerbig,
477 2805 626 2883 Funteal,
651 2805 762 2885 Stoke,
789 2803 1006 2881 Fermesham,
1027 2802 1176 2866 aecclesiae
1200 2802 1262 2868 Dei
1284 2801 1418 2866 devotus

311 2905 498 2969 ammodum
519 2906 592 2971 ideo
614 2907 752 2985 restitui,
775 2913 814 2970 ut
835 2906 892 2968 tali
914 2913 1033 2970 ettam
1050 2905 1229 2969 necessario
1247 2905 1417 2989 jocundati

311 3006 543 3086 additamento,
584 3009 825 3088 monachorum,
861 3008 992 3073 Christo
1026 3007 1161 3071 humani
1193 3009 1319 3091 generis
1352 3010 1417 3074 Re-

311 3109 471 3193 dmnptori
494 3110 631 3176 fideliter
654 3119 804 3197 casteque
830 3112 1049 3190 servientium,
1075 3131 1207 3194 gregem
1228 3111 1355 3176 facilius
1377 3113 1416 3176 li-

310 3211 503 3296 beotiusquo
517 3223 683 3298 pascerent
690 3242 701 3294 3
724 3215 802 3279 dum
816 3215 959 3299 praefatis
972 3214 1101 3278 ruribus
1116 3214 1261 3295 sublatis,
1271 3216 1417 3280 canonici

310 3316 450 3399 turpiter
478 3324 591 3381 contra
615 3318 663 3381 fas
689 3319 922 3403 inhonestaque
946 3317 1108 3402 degentes,
1133 3319 1168 3381 in
1193 3326 1261 3382 tam
1287 3319 1416 3402 angusti

310 3439 419 3482 rerum
435 3420 635 3502 possessione
650 3443 710 3484 usu
723 3421 936 3505 pascebantur
951 3429 1114 3505 perpetuo.
1160 3421 1302 3485 Aluntur
1316 3423 1416 3505 igitur

310 3521 407 3585 solito
426 3522 587 3602 monachi,
607 3523 647 3588 ab
671 3524 768 3608 hujus
786 3525 862 3588 vitae
884 3523 968 3587 curis
991 3524 1119 3603 remoti,
1143 3523 1228 3588 unde
1248 3524 1417 3588 alebantur

309 3625 466 3703 canonici,
492 3644 567 3689 cum
592 3626 745 3691 ariditate
769 3627 872 3691 nimia
896 3626 982 3691 curis
1005 3627 1081 3692 vitae
1104 3626 1252 3692 recidive
1277 3627 1414 3692 intenti:

309 3748 386 3791 rura
413 3727 523 3791 omnia
550 3729 696 3812 superius
725 3737 838 3793 notata
867 3729 1089 3812 episcoporum
1113 3728 1187 3793 usui
1212 3730 1417 3812 peculiariter

308 3831 349 3895 ad
367 3839 478 3896 votum
499 3831 698 3910 deserviant3
721 3833 778 3896 illa
794 3853 869 3897 vero
888 3853 960 3915 quae
977 3833 1124 3897 canonici
1144 3833 1224 3897 olim
1240 3853 1316 3896 cum
1332 3854 1414 3917 prae-

308 3936 413 4018 posito
432 3934 502 3998 sinc
521 3935 674 4018 peculiari
693 3935 840 4019 presulis
858 3933 1000 3998 dominio
1018 3957 1082 3998 usu
1104 3934 1312 4018 possederant
1328 3944 1416 4000 vete-

307 4059 397 4116 rano,
412 4037 483 4101 brec
506 4037 619 4101 eadem
641 4037 790 4101 monachi
817 4038 1032 4102 communiter
1054 4037 1095 4101 ad
1120 4039 1316 4102 necessarios
1338 4062 1415 4104 usus

303 4143 377 4223 jure
403 4140 588 4224 possideant
609 4149 773 4225 perpetuo,
794 4149 920 4205 etcum
942 4141 1097 4206 antistitis
1115 4140 1249 4205 consilio
1270 4163 1307 4204 ac
1320 4141 1414 4224 juva·

307 4246 395 4307 mine
420 4243 502 4307 bene
525 4243 649 4326 regant,
669 4251 703 4306 et
725 4265 783 4326 per
804 4245 1014 4328 praepositum
1037 4243 1190 4307 fratribus
1213 4245 1337 4307 cunctis
1360 4265 1416 4308 ne-

307 4347 491 4425 cessarium,
509 4348 730 4430 episcopoque,
746 4347 796 4411 uti
812 4347 922 4429 regula
940 4345 1093 4429 praecipit,
1111 4346 1289 4409 cumomni
1308 4346 1414 4410 humi-
