3234 5125
285 398 338 452 382
561 395 884 452 MISGELLANEOUS
902 395 1117 451 CHARTERS.

285 569 417 634 ditionis
439 569 492 647 ait,
507 568 613 652 ipsum
635 575 784 632 sanetum
800 567 910 633 locum
924 568 975 632 vel
989 567 1192 652 procinctum
1206 566 1275 651 ejus
1288 565 1391 630 intra-

286 672 368 736 verit
383 672 519 756 fugiens,
536 671 754 736 membrorum
773 692 906 734 suornm
928 693 966 735 ao
980 671 1054 734 vitae
1073 668 1301 754 impunitatem
1315 688 1392 731 oon-

287 783 448 860 sequatur.
492 775 712 854 Possessiones
727 796 802 839 vero
818 796 890 858 quse
906 775 953 839 ibi
973 796 993 839 a
1007 774 1252 858 quibuscunque
1266 771 1394 836 donatae

289 886 375 958 sunt,
391 901 457 943 non
478 877 587 958 abbas,
603 900 670 943 non
689 877 752 942 alia
767 878 920 961 quaelibet
933 899 1071 962 persona
1091 877 1256 941 licentiam
1276 873 1394 939 habeat

289 981 448 1046 vendendi
462 982 512 1046 vel
532 981 692 1045 extraneis
706 980 823 1061 dandi;
846 979 904 1044 sed
922 1002 1037 1064 regum
1051 979 1230 1044 munimine
1245 979 1393 1061 deinoeps

290 1085 379 1148 loeus
393 1085 461 1167 ipse
476 1091 616 1162 tueatur,
631 1084 764 1168 ipseque
782 1083 892 1163 abbas,
907 1084 976 1167 regi
997 1083 1058 1148 soli
1079 1083 1229 1161 serviens,
1245 1090 1342 1165 atque
1362 1081 1394 1144 ei

290 1188 351 1252 soli
373 1209 411 1251 os
431 1187 472 1251 ad
494 1209 530 1251 os
551 1187 756 1271 respondens,
773 1188 981 1252 commissum
1001 1187 1064 1251 sibi
1086 1208 1216 1270 gregem
1235 1183 1395 1270 spirituali

291 1299 324 1355 et
345 1290 514 1373 temporali
540 1297 635 1373 pastu
658 1290 884 1355 habundanter
906 1291 1023 1355 foveat.
1068 1290 1218 1354 Conoedo
1241 1288 1340 1353 etiam
1361 1296 1396 1350 et

291 1393 447 1458 oonfirmo
474 1413 587 1456 omnes
618 1392 807 1456 donationes
836 1399 1007 1472 terrarum,
1031 1393 1082 1458 vel
1111 1393 1309 1469 libertatum,
1340 1397 1396 1453 aut

293 1496 428 1560 alianrm
452 1517 561 1559 rerum
588 1517 660 1578 quae
684 1517 704 1559 a
725 1495 856 1578 regibus
869 1496 1018 1580 Eadgaro
1041 1496 1189 1560 videlicet
1211 1503 1245 1559 et
1268 1493 1392 1557 Harde-

293 1607 403 1676 onuto,
426 1620 484 1662 seu
510 1598 581 1662 aliis
604 1598 762 1677 fidelibus,
785 1607 861 1662 ante
886 1619 938 1662 me
967 1599 1095 1662 donatas
1124 1604 1219 1661 sunt:
1252 1598 1325 1660 Hoc
1346 1601 1396 1658 est

293 1701 461 1786 Uppwude
476 1722 549 1764 oum
566 1700 739 1783 Ravelega¹
760 1700 916 1765 berewioo
935 1722 1004 1780 suo,
1019 1708 1140 1764 etcum
1155 1699 1261 1764 insula
1277 1700 1313 1762 in
1332 1719 1397 1782 qna

293 1804 482 1889 praediotum
506 1811 570 1866 stat
593 1803 803 1882 arcisterium,
830 1803 1042 1887 omnibusque
1067 1802 1129 1868 sibi
1151 1801 1394 1886 pertinentibus,

296 1903 584 1995 Hemmingeforde
604 1926 678 1967 oum
696 1904 847 1969 omnibns
869 1904 909 1968 ad
927 1927 962 1969 se
975 1905 1222 1990 pertinentibus,
1239 1905 1397 1988 Santrey¹

294 2029 369 2072 oum
392 2007 541 2070 omnibus
564 2006 605 2070 ad
628 2028 662 2072 se
685 2006 931 2091 pertinentibus,
954 2008 1126 2092 Hellingh⁸
1145 2029 1219 2072 oum
1245 2007 1397 2071 omnibns

295 2111 336 2174 ad
350 2132 384 2174 se
403 2109 649 2194 pertinentibus,
665 2111 849 2174 Wallsoone
870 2131 944 2174 oum
964 2111 1115 2175 omnibus
1129 2110 1169 2174 ad
1185 2131 1219 2174 se
1232 2111 1396 2196 pertinen·

294 2212 391 2278 tibus.
437 2213 480 2278 In
504 2213 626 2276 Welles
651 2211 710 2276 11¹¹
726 2213 900 2297 piscatores
922 2213 1044 2278 ibidem
1069 2213 1206 2298 singulis
1234 2214 1328 2277 annis
1356 2213 1397 2276 ad

295 2337 389 2380 usum
405 2315 542 2378 fratrum
558 2335 609 2378 nx.
625 2315 729 2378 millia
746 2315 961 2398 anguillarum
983 2316 1152 2380 reddentes
1161 2343 1171 2396 ς
1195 2315 1398 2379 Branoestrei

296 2441 371 2484 oum
390 2418 540 2482 omnibus
567 2417 608 2481 ad
630 2433 664 2482 se
687 2418 934 2502 pertinentibus,
950 2426 983 2482 et
999 2440 1074 2483 oum
1097 2419 1186 2484 omni
1205 2419 1303 2484 maris
1322 2441 1396 2502 pro·

291 2523 392 2607 jectu,
419 2520 505 2605 quod
528 2542 588 2585 nos
613 2521 750 2605 Anglioe
777 2521 991 2606 ‘shipwreo'⁴
1016 2524 1223 2609 appellamus,
1255 2523 1397 2607 Ripton⁸

295 2648 370 2690 oum
395 2625 544 2689 omnibus
571 2625 611 2689 ad
638 2646 671 2689 se
693 2626 940 2709 pertinentibus,
956 2627 1081 2692 'linell‘
1100 2649 1174 2691 oum
1188 2627 1339 2691 omnibus
1356 2626 1398 2689 ad

295 2752 329 2793 se
352 2729 598 2813 pertinentibus,
616 2729 831 2813 Kyngestnne
854 2750 928 2793 oum
947 2730 1110 2814 ltaffleya⁷
1124 2739 1158 2794 et
1173 2730 1285 2816 Byrig,
1306 2730 1397 2794 bere-

296 2834 383 2897 wiois
413 2833 488 2911 suis,
513 2833 726 2916 omnibusque
755 2833 818 2897 sibi
840 2833 1086 2916 pertinentibus,
1102 2832 1302 2897 Wardeburo
1324 2854 1399 2896 oum

295 2936 445 3000 omnibus
467 2935 508 2998 ad
533 2956 567 2999 se
592 2935 837 3019 pertinentibus,
861 2936 1022 3019 Soepton⁸
1036 2957 1111 3000 oum
1134 2936 1284 3000 omnibus
1303 2936 1344 3000 ad
1364 2956 1400 3000 se

295 3036 540 3123 pertinentibus,
558 3037 732 3102 Chaterih⁹
747 3059 821 3102 cum
836 3038 987 3103 omnibus
1001 3039 1040 3103 ad
1056 3060 1091 3103 se
1105 3040 1350 3123 pertinentibus,
1366 3048 1400 3103 et

296 3162 395 3205 unam
410 3140 610 3203 mansionem
625 3140 814 3204 orientalem
829 3141 868 3206 de
883 3142 1051 3207 Elesworll
1065 3164 1139 3207 oum
1160 3144 1339 3227 [omnibns]
1358 3144 1399 3207 ad

296 3265 330 3308 se
345 3242 589 3326 pertinentibus,
604 3243 782 3307 Houoton¹⁰
797 3264 871 3307 oum
882 3245 1033 3309 omnibns
1048 3244 1088 3309 ad
1104 3267 1138 3309 se
1152 3247 1398 3330 pertinentibus,

297 3343 448 3409 Witton¹¹
475 3365 550 3409 oum
576 3344 725 3410 omnibns
752 3346 793 3409 ad
816 3368 851 3411 se
873 3348 1120 3431 pertinentibus,
1144 3347 1303 3414 Elinton¹'
1324 3372 1399 3415 oum

296 3448 447 3513 omnibus
475 3447 515 3512 ad
541 3470 575 3512 se
598 3448 846 3532 pertinentibus,
862 3452 1005 3516 Biderne
1030 3472 1105 3516 oum
1128 3453 1279 3518 omnibus
1302 3454 1343 3518 ad
1366 3476 1401 3518 se

296 3549 541 3635 pertinentibus,
558 3551 756 3617 Briumton¹⁸
778 3574 853 3617 oum
873 3554 1022 3619 omnibus
1044 3554 1084 3619 ad
1103 3576 1137 3619 se
1154 3558 1399 3641 pertinentibus,

297 3652 511 3718 Wiohinton¹⁴
529 3675 604 3718 oum
626 3655 777 3719 omnibus
800 3656 842 3719 ad
865 3678 900 3720 se
919 3658 1166 3741 pertinentibus,
1189 3660 1300 3725 lsham
1325 3682 1400 3725 oum

297 3758 446 3823 omnibus
471 3757 512 3822 ad
535 3779 570 3822 se
589 3759 837 3841 pertinentibus,
853 3762 1014 3825 Weston¹⁶
1036 3783 1111 3826 oum
1133 3764 1284 3828 omnibns
1304 3766 1345 3829 ad
1366 3788 1402 3830 se

296 3860 543 3947 pertinentibus,
568 3862 726 3925 Grauell¹⁶
749 3884 824 3926 cnm
850 3864 1000 3927 omnibus
1029 3866 1070 3928 ad
1093 3887 1128 3929 se
1156 3866 1401 3951 pertinentibus,

296 4014 355 4069 Tha
367 4015 514 4069 variations
526 4034 570 4070 are
582 4016 651 4069 from
664 4016 711 4070 the
725 4020 732 4048 ‘
739 4016 928 4089 Inspeximus.'

334 4104 342 4133 ¹
361 4101 474 4155 Kasflea
592 4102 601 4132 ⁶
621 4102 761 4173 Riptnnae.
861 4106 872 4134 ⁹
891 4102 1022 4159 Ceaterio.
1127 4110 1147 4139 ¹³
1166 4108 1353 4181 Brynintunae.

332 4190 342 4218 ²
361 4187 491 4241 Saltrelte.
591 4190 601 4218 ⁸
621 4187 771 4259 Styreolea
851 4192 872 4222 ¹⁰
889 4190 1039 4246 Hohtrmoe.
1127 4197 1149 4226 ¹⁴
1166 4194 1376 4250 Hwioointrmae.

332 4276 343 4305 ³
362 4273 524 4345 Hellingeia
590 4276 601 4305 ἵ
621 4274 731 4329 Raeflsa
850 4279 870 4308 ¹¹
889 4277 1036 4332 Wittunae.
1129 4282 1148 4312 ¹⁵
1167 4280 1319 4335 Westrmaa.

332 4362 342 4391 ⁴
361 4376 397 4413 sse
411 4377 530 4432 npwurp.
590 4362 599 4389 '³
618 4359 715 4431 Slaepe.
849 4364 869 4394 ¹²
887 4363 1035 4417 Elintunae.
1125 4368 1145 4397 ¹⁰
1163 4366 1286 4420 Graeflea
