3234 5125
480 427 801 484 succensuimus
820 428 1035 485 OHARTERS.
1078 473 1080 479 ,
1268 427 1321 483 219

214 603 324 661 saneto
335 598 439 661 erucis
453 597 582 681 propria
595 620 694 662 manu
709 599 844 683 apposui
856 602 908 682 ᾖ.
953 599 1024 683 Ego
1034 598 1161 663 Kinath
1174 620 1231 663 rex
1242 599 1320 663 Soo-

214 707 323 764 torum
346 700 520 784 subscripsi
538 704 591 784 »1«
647 704 719 787 Ego
742 703 877 767 Maccus
902 722 959 765 rer
982 702 1162 765 insularum
1185 700 1251 765 vidi
1268 702 1319 783 *l*-

215 804 286 886 ligo
301 804 493 868 Dunstanus
515 804 771 869 Dorobernensis
795 804 1051 888 archiepiscopus
1078 802 1251 887 subscripsi
1266 806 1319 886 »1«.

214 906 286 989 Ego
299 906 536 973 Etheluuoldus
551 907 801 972 Uuintoniensis
823 907 959 971 antistes
974 907 1122 971 consensi
1138 909 1192 989 ᾖ·
1249 907 1321 990 Ego

214 1009 372 1073 Mslcolm
385 1030 442 1073 rex
451 1010 670 1074 cumbrorum
685 1009 860 1093 subscripsi
875 1012 928 1092 qa.
972 1009 1178 1093 EgoDufnal
1192 1008 1319 1091 vidit14.
1409 1054 1411 1059 -

213 1112 285 1196 Ego
320 1112 497 1177 Oskitcllus
526 1112 739 1177 Eboracensis
775 1112 1032 1197 archiepiscopus
1070 1110 1242 1195 ssubscripi
1267 1114 1319 1194 ιιι.

214 1217 286 1299 lego
308 1215 493 1281 Osuualdus
514 1215 764 1299 Uuigorniensis
785 1216 952 1299 episeopus
975 1214 1122 1279 consensi
1142 1216 1194 1296 ᾖ.
1248 1215 1320 1296 Ego

215 1318 445 1383 Kineuuardus
459 1318 558 1383 abbas
572 1317 737 1381 Mideltuu
751 1317 925 1401 subscripsi
941 1320 991 1400 ᾧ.
1036 1317 1108 1401 Ego
1123 1315 1221 1381 Iacob
1243 1316 1318 1381 sub·

213 1422 342 1504 regulus
364 1422 494 1504 signum
517 1420 650 1504 apposui
666 1423 719 1503 ᾖ.
771 1420 844 1503 Ego
865 1420 952 1484 Iukil
976 1418 1166 1503 subregulus
1189 1419 1318 1502 signum

213 1524 346 1607 apposui
361 1526 413 1606 ’l‘-
466 1524 538 1606 Ego
560 1522 686 1588 Sifereh
711 1522 903 1605 subregulus
926 1522 1056 1605 signum
1081 1530 1190 1587 sancte
1215 1521 1318 1587 crucis

213 1627 355 1712 apposui,
370 1626 406 1690 in
419 1627 502 1691 festo
516 1626 723 1691 Pentecostes
736 1624 917 1689 incivitate
932 1624 1116 1689 Achmcnni
1132 1627 1184 1707 ιιι.

374 2000 499 2057 *KING
516 2001 687 2059 EAmAR.
723 2001 811 2057 ΜΑῩ
830 2002 906 2055 loru
923 2000 1160 2057 Decumum.

255 2151 295 2231 ›1‹
313 2148 483 2233 Regnante
501 2146 646 2212 Domino
670 2154 783 2212 nostro
806 2149 886 2212 Jesu
912 2147 1042 2213 Christo
1064 2148 1317 2232 inperpetuum.

210 2253 282 2336 Ego
301 2253 478 2335 Eadgarus,
494 2251 557 2315 Dei
574 2251 680 2334 gratis
693 2250 877 2335 Anglorum
894 2271 960 2331 rex,
978 2251 1129 2316 omuibus
1147 2251 1313 2335 episeopis,

209 2354 390 2433 abbatibus,
420 2354 603 2432 comitibus,
626 2353 880 2431 vicecomitibus,
903 2353 1105 2432 centenariis,
1129 2352 1316 2436 caeterisque

208 2458 327 2521 nostris
349 2456 530 2541 agentibus,
554 2456 765 2540 presentibus,
790 2456 922 2535 scilicet,
947 2465 980 2520 et
1008 2456 1137 2535 hrtuiis,
1168 2457 1315 2520 salutem.

210 2562 355 2645 Dignum
372 2569 407 2626 et
425 2561 618 2626 conveniens
636 2569 686 2625 est
704 2559 875 2625 clementie
896 2561 1065 2644 principali
1086 2561 1172 2625 inter
1194 2569 1316 2626 ceteras

208 2665 350 2730 actiones
379 2664 461 2728 illud
488 2664 575 2747 quod
603 2662 644 2727 ad
673 2664 812 2728 salutem
841 2663 948 2726 anime
973 2664 1123 2747 pertinet,
1147 2664 1234 2748 quod
1255 2684 1316 2747 pro

208 2768 319 2832 divino
337 2789 447 2832 amore
464 2768 654 2851 postulatum,
673 2767 726 2851 pio
744 2766 859 2830 auditu
877 2766 1047 2850 suscipere,
1063 2775 1097 2830 et
1114 2766 1256 2830 studiose
1274 2767 1314 2830 cd

208 2871 358 2936 effectum
383 2871 574 2955 perducere3
616 2878 776 2954 quatenus
804 2870 845 2934 de
874 2869 1003 2934 caducis
1031 2868 1127 2933 rebus
1157 2869 1315 2953 presentis

208 2975 318 3053 seculi,
342 2996 405 3059 que
430 2995 597 3057 nunquam
620 2973 690 3036 sine
714 2973 960 3056 inquinamento
984 2977 1018 3036 et
1039 2993 1194 3057 erumpna
1214 2973 1315 3056 possi·

208 3078 335 3157 dentur,
358 3084 564 3161 peccatorum
585 3074 772 3139 emundatio
795 3083 830 3138 et
853 3075 917 3138 vite
945 3082 1056 3139 eterne
1082 3075 1237 3139 securitas
1260 3073 1316 3138 sd·

208 3182 372 3264 quiratur3
391 3183 487 3265 juxta
509 3187 695 3264 preceptum
718 3177 853 3242 Domini
873 3177 1026 3242 dicentis:
1059 3178 1177 3242 “Date
1196 3178 1314 3242 elemo-

208 3284 311 3348 sinam
324 3291 359 3348 et
373 3284 483 3348 omnia
493 3283 615 3346 munda
625 3289 703 3346 sunt
713 3281 837 3345 robis.’'
875 3282 963 3364 Ergo
975 3279 1081 3344 dando
1096 3279 1314 3358 elemosinam,

205 3388 298 3470 juxta
321 3387 384 3451 hoc
408 3387 510 3470 ipsius
535 3386 670 3464 dictum,
700 3391 828 3468 oportet
850 3405 910 3448 nos
934 3383 1089 3448 emcrecri
1112 3391 1314 3468 peccatorum

208 3497 391 3554 nostrorum
414 3487 690 3565 emimdacionem,
712 3493 761 3566 ut,
784 3487 863 3550 dum
889 3487 1031 3550 ecelesiis
1053 3485 1175 3551 Christi
1199 3486 1315 3570 imper-

208 3591 307 3656 timur
317 3612 460 3676 congrua
473 3589 627 3655 beneficia
641 3597 674 3654 et
685 3590 791 3673 justas
805 3590 965 3654 bonorum
977 3589 1123 3654 vivorum
1137 3588 1314 3673 peticiones

207 3695 378 3759 efficaciter
401 3693 560 3773 audimus,
590 3691 818 3757 retributorem
842 3689 1021 3756 Dominum
1045 3713 1085 3756 ex
1114 3691 1175 3756 hoe
1197 3692 1315 3756 habere

208 3818 397 3862 mereamur.
432 3798 541 3881 Igitur
553 3805 724 3882 postquam
739 3796 825 3859 dono
840 3795 903 3859 Dei
917 3803 951 3859 et
966 3801 1101 3878 paterne
1116 3794 1314 3859 successione

207 3901 243 3964 in
263 3923 400 3984 regnum
422 3900 605 3984 Auglorum
623 3899 862 3963 inthronizatum
887 3905 921 3962 et
943 3898 1152 3963 confirmatus
1175 3897 1232 3976 fui,
1257 3896 1314 3961 ubi

206 4003 271 4067 vidi
288 4004 437 4068 ecelesias
455 4003 518 4068 Dei
535 4011 603 4067 tam
621 4001 760 4086 peccatis
775 3999 978 4084 exigentibus
992 4021 1087 4083 quam
1104 3999 1224 4064 crebris
1242 3998 1313 4063 bar-

205 4107 358 4171 batorum
378 4106 612 4191 irruptionibus
634 4105 769 4183 dirutas,
792 4112 826 4168 et
847 4103 986 4168 maxime
1015 4109 1159 4166 sanctam
1181 4109 1215 4165 et
1237 4123 1312 4186 apo-

206 4209 352 4273 stolicam
366 4209 477 4289 vitam,
493 4209 527 4273 id
541 4217 592 4273 est
605 4207 832 4272 monachicum
850 4207 1007 4284 ordinem,
1025 4227 1079 4289 per
1094 4225 1206 4269 omnes
1221 4205 1312 4288 regni

206 4312 272 4376 mei
300 4311 480 4396 provincias
508 4311 655 4375 funditus
677 4311 848 4394 deperisse,
873 4313 1013 4392 graviter
1039 4308 1149 4373 dolens
1175 4316 1208 4372 et
1237 4329 1312 4372 con-

206 4414 314 4478 silium
334 4437 354 4478 a
371 4422 484 4479 sancto
503 4414 619 4497 spiritu
639 4414 808 4497 occipiens,
831 4413 1005 4477 Dunstano
1025 4411 1262 4496 archiepiscopo
1281 4421 1313 4477 et
