3234 5125
309 394 360 446 198
582 388 902 445 MISGELLANEOUS
922 388 1140 443 CHARTERS.

304 585 426 640 eorum,
447 560 602 644 presbiter
625 560 674 622 vel
696 558 839 635 clericum,
862 557 945 623 forte
968 567 1025 622 aut
1046 558 1180 636 occisus,
1204 558 1291 641 quod
1313 557 1407 635 absit,

306 674 362 730 aut
386 665 572 728 vulneratus
593 662 701 740 buerit,
733 668 789 723 aut
813 660 923 725 exeis
948 660 1098 724 omnibus
1121 660 1257 744 alicujus
1281 660 1409 743 injuriae

307 767 494 834 acclamatio
513 765 695 842 surrexerit,
713 763 866 847 quicquid
886 784 925 827 ex
947 762 998 827 his
1017 762 1167 827 omnibus
1189 762 1230 826 ad
1252 784 1311 827 nos
1334 762 1410 826 atti-

306 891 384 935 nere
403 869 538 946 videtur,
558 867 620 931 hoc
642 873 749 930 toturn
767 865 878 929 abbati
891 866 947 947 qui
965 865 1091 949 inipso
1110 872 1221 930 sancto
1237 866 1309 930 loco
1328 885 1410 949 prse-

306 972 414 1051 buerit,
437 970 624 1053 caterisque
642 968 806 1047 nauibus,
823 967 1007 1031 habendum
1025 976 1058 1032 et
1077 967 1313 1052 disponendum
1334 988 1409 1032 cou-

308 1073 462 1138 cedimus.
509 1070 546 1135 Si
569 1078 689 1150 autern,
708 1070 794 1154 quod
814 1070 908 1149 absit,
927 1071 1024 1134 etiam
1043 1070 1195 1135 derebus
1214 1092 1326 1135 eomm
1342 1069 1410 1133 fur-

308 1186 379 1239 tum
402 1176 501 1239 fuerit
523 1174 655 1252 fastum,
679 1181 713 1237 et
738 1172 848 1236 abbati
873 1172 923 1237 vel
949 1172 1102 1237 fratribus
1125 1172 1230 1237 visum
1253 1172 1352 1237 fuerit
1373 1179 1411 1235 ut

307 1277 502 1343 examinatio
525 1297 563 1341 ex
586 1276 648 1341 hoc
670 1274 787 1340 debeat
809 1275 936 1357 agitari,
959 1273 1127 1339 habebunt
1147 1274 1312 1339 licentiam
1327 1273 1410 1337 acci-

306 1381 416 1466 piendi
430 1403 450 1445 a
463 1387 575 1445 nostro
588 1379 771 1462 episcopatu
786 1375 993 1441 benedictum
1007 1376 1137 1455 serrum,
1153 1377 1204 1440 vel
1224 1377 1251 1439 si
1269 1397 1334 1459 qua
1350 1375 1413 1439 alia

306 1493 384 1548 sunt
407 1483 623 1546 instrumenta
645 1487 702 1544 aut
726 1478 967 1544 benedictiones
994 1477 1034 1541 ed
1056 1478 1242 1562 hujusmodi
1265 1498 1333 1541 rem
1357 1498 1411 1541 ex·

305 1583 485 1662 arcendam,
510 1583 630 1666 absque
655 1582 822 1646 exactione
847 1580 943 1666 pretii
969 1602 989 1645 a
1011 1580 1264 1664 calumpniatore
1286 1580 1336 1645 vel
1358 1600 1413 1643 ca·

306 1686 487 1770 lumpniatc
515 1685 603 1749 intra
630 1684 833 1767 procinctum
862 1684 1048 1747 monasterii
1077 1690 1217 1761 tautum,
1242 1682 1298 1748 sed
1321 1690 1412 1746 ema

308 1785 461 1853 efferendi
477 1785 518 1849 ad
532 1786 624 1849 villas
638 1807 711 1849 suas
726 1786 776 1849 vel
790 1807 903 1850 causas
920 1785 1056 1849 aliorum
1076 1786 1213 1869 agendas
1231 1806 1296 1849 non
1313 1786 1411 1849 habe-

307 1889 391 1953 bunt
417 1895 617 1972 potestatem.
669 1887 865 1951 Relaxamus
895 1887 992 1951 etiam
1022 1909 1074 1953 ecs
1104 1889 1159 1972 qui
1188 1888 1275 1952 intra
1302 1888 1411 1953 villam

307 1992 408 2077 ipsius
430 1992 615 2075 procinctus
638 1999 916 2056 commorantura
938 1991 1072 2056 collecta
1088 1990 1292 2055 denariorum
1314 2013 1411 2075 quam

309 2093 506 2159 Romeschot
527 2094 697 2177 appellant,
717 2094 800 2157 sicut
823 2093 1000 2157 relaxatum
1024 2102 1073 2157 est
1089 2114 1108 2157 a
1126 2094 1256 2175 regibus
1277 2093 1360 2173 offa,
1377 2102 1412 2159 et

309 2195 462 2276 Kenulfo,
480 2204 514 2260 et
527 2196 686 2278 Eadgaro,
702 2203 736 2259 et
758 2196 869 2261 omnia
888 2218 960 2280 quae
979 2183 1023 2260 ad
1040 2195 1220 2260 libertatem
1239 2204 1272 2261 et
1292 2196 1410 2261 exalta-

308 2300 430 2368 tionem
450 2298 537 2363 illius
555 2298 617 2361 loci
635 2319 692 2381 per
705 2306 849 2362 nostram
865 2298 1089 2363 auctoritatem
1104 2298 1253 2363 accedere
1266 2308 1410 2383 possunt,

308 2400 403 2464 hilari
425 2408 459 2464 et
475 2408 625 2485 prompta
645 2401 810 2465 voluntate
828 2400 1049 2465 conoedimus:
1081 2399 1234 2465 nimirum
1254 2422 1328 2465 cum
1351 2422 1411 2484 ego

308 2502 357 2567 illi
374 2511 486 2568 saneto
505 2502 586 2582 loco,
605 2502 695 2586 quasi
714 2502 892 2567 multorum
914 2523 1028 2585 regum
1044 2490 1243 2587 temporibus
1265 2502 1413 2587 neglecto

204 2646 207 2653 -
308 2605 492 2689 prebuerim,
517 2613 743 2690 quem-postea
772 2604 891 2669 additis
914 2606 944 2668 ei
970 2605 1141 2688 aliquantis
1165 2605 1260 2670 terris
1282 2627 1411 2670 venera-

307 2709 365 2773 bili
393 2708 544 2773 Wulsino
573 2708 716 2792 ejusdem
745 2707 808 2772 loci
839 2707 996 2771 monacho
1025 2706 1317 2772 commendavimus
1346 2729 1411 2772 ser·

307 2811 554 2894 vandum,'quas
568 2811 691 2875 scilicet
705 2819 808 2874 terras
822 2810 875 2874 hic
890 2809 1044 2874 denotare
1058 2830 1124 2873 non
1139 2810 1329 2874 omittimus.
1369 2811 1412 2874 In

307 2913 420 2995 primis
444 2913 530 2976 circa
547 2912 629 2976 illud
649 2913 881 2976 monasterium
903 2934 933 3002 v.
957 2933 1084 2976 mansas
1106 2912 1315 2977 evenerabili
1337 2933 1413 2996 rege

308 3013 456 3096 Eadgaro
486 3034 574 3077 cxx.
598 3015 761 3077 mancusis
787 3014 868 3091 auri,
892 3035 959 3082 una
987 3035 1061 3078 cum
1087 3013 1157 3078 loco
1180 3015 1256 3093 emi,
1279 3024 1313 3079 et
1337 3037 1412 3080 cnm

306 3114 485 3179 redditibus
511 3123 641 3178 etcum
665 3115 770 3193 terris,
795 3115 875 3199 quas
888 3116 1024 3199 'antiqui
1045 3137 1146 3199 reges,
1170 3117 1302 3195 scilicet,
1325 3116 1410 3195 oua,

308 3215 481 3293 Kenulfus,
511 3225 545 3279 et
574 3215 735 3294 Alfredus,
760 3217 809 3280 illi
837 3226 947 3283 sancto
974 3218 1047 3283 loco
1075 3217 1215 3301 benigne
1244 3218 1410 3284 dederant.

308 3319 395 3382 Item
415 3339 445 3380 v.
464 3339 593 3383 mansas
609 3319 644 3381 in
665 3320 872 3399 Blecenham,
893 3328 926 3385 et
944 3341 1000 3386 sex
1017 3322 1051 3384 in
1071 3321 1280 3408 Loperesldge
1301 3343 1320 3384 a
1340 3343 1411 3406 pre-

307 3420 375 3484 fato
389 3440 465 3501 rege
479 3419 545 3484 emi
559 3441 589 3483 x.
606 3423 768 3488 mancusis
787 3424 868 3501 auri,
885 3430 918 3488 et
933 3423 1042 3486 addidi
1062 3425 1258 3488 monasterio
1276 3423 1410 3507 prefato.

308 3523 395 3585 Item
423 3529 584 3586 mercatus
613 3545 685 3586 sum
715 3547 734 3587 a
762 3525 937 3590 venerabili
970 3525 1173 3590 Ethelvoldo
1194 3526 1414 3590 Wintoniensi

308 3623 456 3705 episcopo
480 3645 510 3687 x.
534 3645 673 3704 mansas,
696 3635 730 3690 et
752 3647 782 3690 x.
806 3626 983 3710 aquodam
1007 3628 1171 3717 Wulnop0
1197 3629 1300 3691 milite
1326 3629 1411 3712 regis

306 3724 471 3808 octoginta
495 3726 587 3790 libris
615 3728 742 3811 probati
770 3730 907 3811 argenti,
934 3749 1051 3812 easque
1075 3730 1136 3793 sub
1160 3753 1227 3794 uno
1249 3731 1412 3794 territorio

307 3828 415 3892 addidi
429 3829 563 3913 praefato
579 3833 782 3910 monasterio,
792 3833 827 3895 in
841 3831 913 3896 loco
928 3833 1049 3896 scilicet
1059 3833 1115 3916 qui
1127 3833 1271 3898 Hendun
1283 3833 1411 3898 dieitur.

306 3931 392 3999 Item
407 3939 472 3996 tres
487 3941 626 3997 cassatos
644 3935 709 3998 erni
727 3934 898 4017 aquodam
913 3933 1068 4020 Eadnopo
1081 3935 1167 4018 regis
1185 3935 1334 4000 ministro
1348 3957 1410 3999 ιιι.

305 4032 405 4111 libris,
424 4035 460 4097 in
484 4035 555 4098 loco
584 4036 638 4117 qui
662 4035 877 4100 Codenbledv
900 4043 1114 4121 nuncupatur,
1137 4044 1170 4101 et
1195 4037 1303 4101 addidi
1331 4059 1411 4121 prac-

306 4133 393 4200 dicto
415 4135 496 4200 loco.
543 4136 684 4204 Quidam
711 4143 820 4200 autem
849 4137 997 4202 minister
1022 4139 1106 4222 regis
1132 4139 1167 4203 in
1190 4139 1413 4206 Middelsexan

305 4237 519 4316 mansitando,
546 4239 682 4304 alfwine
713 4238 914 4318 vocitamine,
946 4241 1003 4324 qui
1036 4221 1147 4306 adiens
1176 4242 1289 4305 limina
1319 4263 1411 4306 sanc-

305 4346 414 4410 tornm
436 4340 653 4423 apostolorum
676 4341 765 4405 Petri
787 4349 821 4405 et
844 4342 948 4422 Pauli,
973 4344 1075 4407 Rome
1098 4345 1230 4422 scilicet,
1255 4351 1287 4408 et
1309 4344 1413 4426 gratia
