3234 5125
477 427 799 485 MISGELLANEOUS
819 429 1034 487 OHARTERS.
1258 432 1310 485 acl

200 595 293 660 litate
318 594 511 681 subjectum,
541 600 703 683 sapienter
730 599 913 684 disponant.
965 602 1100 665 Pastum
1129 622 1169 666 ex
1197 622 1309 665 mona-

199 698 334 763 chorum
356 700 441 765 villis
463 723 668 785 nequaquam
691 704 808 787 praesul
831 703 985 767 diocesim
1006 704 1175 769 lustrando
1197 702 1310 767 avidus

200 802 364 885 exquirat:
395 804 512 888 emptis
539 805 728 869 necessariis
756 806 893 870 fratrum
919 806 1129 886 indumentis,
1156 806 1309 890 quicquid

203 926 243 969 ex
256 905 347 970 lucro
361 907 511 971 villarum
530 908 733 992 superbierit,
748 909 842 973 unito
860 908 999 995 episcopi
1018 910 1217 993 fratrumque
1235 930 1310 972 oon-

203 1007 285 1085 silio‚
301 1007 343 1074 cb
361 1017 491 1074 aeternae
509 1008 718 1075 beatitudinis
732 1012 902 1097 premium,
918 1011 1040 1076 Christi
1059 1019 1210 1095 erogetur
1229 1033 1308 1095 pau·
1436 1070 1448 1087 ,

202 1110 341 1195 peribus,
356 1120 391 1177 et
409 1134 477 1178 non
495 1114 609 1179 lucidis
628 1115 769 1199 episcopi
785 1115 1010 1199 peculiaribus,
1028 1115 1069 1179 ad
1089 1114 1195 1179 anime
1213 1115 1311 1179 detri-

202 1222 360 1296 mentum,
375 1216 536 1281 reclusum
550 1217 760 1282 custodiatur.
805 1219 885 1283 Post
898 1219 996 1283 unius
1015 1218 1154 1303 episcopi
1171 1217 1308 1297 obitum,

204 1317 286 1382 alter
308 1339 348 1382 ex
373 1318 484 1383 eedem
506 1320 738 1385 monachorum
768 1320 1025 1405 congregatione,
1050 1320 1105 1404 qui
1127 1320 1244 1405 dignus
1266 1322 1308 1385 sit

204 1421 410 1504 pontificatus
432 1422 545 1487 ordine
563 1423 666 1507 fungi,
686 1432 719 1487 et
736 1444 804 1487 nou
822 1423 951 1488 aliunde
970 1424 1125 1507 eligatur:
1151 1424 1179 1487 si
1200 1431 1306 1489 autern

203 1522 451 1607 impedientibus
474 1526 611 1611 percutis
641 1527 692 1591 vel
707 1522 892 1611 imperitia,
919 1526 954 1590 in
979 1527 1092 1591 eodem
1115 1526 1309 1593 monestede

203 1626 279 1689 talis
302 1627 356 1710 qui
380 1627 497 1712 dignus
514 1629 557 1692 rit
574 1629 712 1694 inveniri
731 1630 921 1713 nequiverit,
944 1651 981 1695 ex
1001 1631 1065 1694 alio
1081 1637 1161 1695 noto
1180 1651 1307 1695 monas-

205 1728 286 1792 terio
305 1731 492 1810 monachus,
506 1752 574 1796 non
591 1739 699 1796 autem
717 1733 901 1811 canonicus,
917 1734 958 1797 ad
972 1735 1056 1797 tanti
1071 1734 1190 1817 medus
1204 1733 1306 1818 digni·

203 1838 316 1911 tatem,
340 1834 394 1916 qui
418 1833 536 1917 dignus
558 1835 601 1898 sit
624 1834 801 1899 secundum
824 1836 977 1901 meritum
1000 1844 1096 1919 atque
1118 1837 1308 1917 doctrinam,

205 1936 351 1998 unanimi
374 1937 459 2019 regis
481 1944 515 2001 et
537 1937 771 2002 monachorum
795 1938 939 2022 ejusdem
965 1939 1152 2003 monasterii
1176 1938 1310 2004 consilio

205 2038 366 2122 sapienter
384 2040 540 2123 eligatur:
564 2048 597 2105 et
619 2062 687 2105 non
706 2041 811 2105 solum
831 2042 867 2104 in
884 2041 945 2107 hac
962 2042 1122 2127 pontificis
1143 2042 1310 2121 electione,
1334 2114 1337 2122 ,

205 2162 316 2205 verum
339 2143 436 2207 etiam
455 2144 606 2208 omnihus
624 2143 721 2208 rebus
739 2144 860 2228 regulae
880 2166 958 2207 usus
976 2144 1048 2228 jugi
1070 2152 1219 2209 teneatur
1239 2166 1310 2208 cns·

206 2244 303 2323 todia,
314 2246 401 2310 utin
415 2246 565 2311 omnihus
579 2269 652 2330 quas
666 2246 792 2331 egerint
805 2246 857 2311 rel
871 2247 991 2330 regulae
1004 2269 1153 2312 normam
1167 2247 1313 2311 hilariter

207 2348 401 2427 custodiant,
433 2350 486 2413 rel
518 2350 679 2435 majorum
711 2370 786 2415 cum
819 2350 910 2413 omni
942 2349 1113 2416 devotmne
1143 2350 1313 2414 imitentur

208 2451 362 2536 exempla.
405 2451 538 2517 Electus
562 2473 639 2517 vero
666 2452 758 2516 nulla
786 2452 1007 2536 superfluitate
1036 2452 1211 2519 monachos
1240 2475 1313 2538 per·

210 2554 319 2618 turbet
336 2554 387 2619 rel
409 2554 580 2640 inquietat,
600 2576 661 2620 nec
684 2555 816 2621 clericos
839 2554 904 2620 sive
923 2556 1023 2621 laicos
1042 2558 1075 2620 in
1103 2556 1243 2621 claustra
1264 2556 1313 2623 vel

208 2658 411 2722 refectorium
435 2659 631 2738 introducat,
653 2658 710 2724 sed
731 2659 864 2722 missam
888 2658 1062 2737 celebrans,
1080 2659 1312 2723 monachorum

208 2771 390 2824 reverenter
403 2761 558 2846 firngatnr
572 2761 677 2825 officio
685 2787 696 2840 3
720 2783 757 2826 ac
775 2761 810 2824 iu
828 2760 998 2826 refectorio
1012 2763 1160 2846 quotiens
1175 2762 1314 2826 voluerit

209 2863 388 2942 comedens,
413 2885 524 2928 eornm
553 2871 587 2928 et
614 2886 681 2927 non
711 2865 939 2928 canonicorum
967 2866 1018 2929 vel
1047 2865 1201 2930 laicorum
1231 2865 1313 2929 inibi

210 2973 322 3030 utstm
346 2966 517 3051 obseqni03
544 2967 728 3046 monachos,
751 2967 780 3030 si
805 2966 966 3051 quoslihet
991 2988 1100 3031 secum
1127 2989 1222 3032 suum
1247 2967 1314 3031 lm-

210 3069 326 3135 trandc
346 3069 542 3155 episcopium
559 3069 677 3134 habere
695 3069 843 3149 voluerit,
859 3070 933 3134 illos
955 3079 1063 3134 sumat
1080 3070 1136 3154 qui
1157 3077 1315 3155 provectae

210 3172 314 3236 aetatis
332 3173 408 3251 sint,
425 3193 564 3256 quorum
578 3173 724 3256 profectu
743 3180 776 3236 et
795 3173 939 3237 moribus
955 3173 995 3236 ad
1009 3173 1132 3236 Christi
1145 3172 1315 3238 roboretur

212 3275 417 3355 famulatum,
432 3283 466 3340 et
485 3297 551 3339 non
568 3295 685 3359 pueros
698 3275 750 3340 vel
761 3276 896 3359 juvenes
915 3275 1059 3354 lascivos,
1078 3297 1215 3360 quorum
1237 3275 1316 3340 levi-

210 3386 278 3441 tate
302 3378 398 3442 laesus
420 3379 456 3442 iu
481 3378 641 3461 aliquibus
670 3378 871 3462 depravetur.
925 3377 1018 3442 Rura
1045 3387 1114 3442 tam
1143 3400 1163 3441 a
1185 3377 1316 3461 regibus

211 3503 308 3564 quam
327 3503 346 3545 a
363 3481 495 3545 diversis
516 3481 682 3546 catholicis
699 3481 739 3545 ad
757 3502 837 3544 usus
854 3480 992 3544 fratrum
1011 3481 1152 3545 Domino
1170 3481 1316 3564 largiflue

211 3584 335 3664 collata,
351 3584 448 3669 hujus
462 3585 571 3649 saeculi
586 3585 743 3649 militibus
757 3585 824 3649 sive
841 3584 1029 3669 propinquis
1047 3585 1241 3664 carnalibus,
1256 3606 1316 3669 pro

212 3708 346 3752 munere
369 3687 514 3772 quolibet
536 3687 697 3751 adulando
721 3688 882 3766 tribuens,
907 3687 948 3751 ad
978 3687 1094 3754 animae
1123 3709 1189 3752 suae
1216 3687 1316 3752 detri-

212 3798 358 3854 mentum
377 3812 580 3876 neqnaquam
597 3790 770 3874 disperdat.
817 3789 883 3857 Qui
902 3790 1056 3875 praedicta
1078 3796 1201 3854 statuta
1225 3791 1315 3854 heni-

211 3893 285 3957 rola
298 3915 423 3957 servare
436 3893 603 3957 voluntate
619 3892 789 3971 studuerit,
805 3892 940 3956 Domini
957 3893 1060 3957 nostri
1081 3893 1179 3957 Ihesu
1195 3892 1317 3956 Christi

213 3994 435 4060 benedictione
463 3995 499 4058 iu
530 3995 672 4079 presenti
704 3995 823 4059 soeculo
855 3995 1048 4079 perfruatur,
1079 4000 1113 4059 et
1141 4001 1215 4078 post
1247 3996 1317 4079 ejus

213 4098 339 4162 obitum
368 4098 408 4161 ad
431 4104 561 4162 oeternae
587 4096 798 4161 beatitudinis
826 4097 936 4178 vitam,
968 4096 1097 4162 Christo
1125 4097 1315 4181 opitulante,

213 4221 344 4265 securum
358 4200 532 4282 perveniat.
561 4199 597 4262 si
612 4199 685 4283 quis
696 4207 805 4264 autem
820 4199 1017 4284 philargyria
1031 4197 1181 4264 seductus
1196 4199 1318 4283 aliquid

212 4325 251 4366 ex
266 4302 329 4381 his,
343 4323 416 4385 quse
430 4323 503 4367 cum
518 4301 653 4366 consilio
667 4303 860 4385 sapientium
875 4310 1024 4386 precepta
1039 4309 1125 4380 sunt,
1141 4301 1311 4386 [avertere]

212 4409 261 4472 vel
275 4408 420 4471 minuere
434 4407 684 4491 presumpserit,
697 4407 842 4471 deleatur
857 4427 977 4472 nomen
991 4406 1061 4490 ejus
1076 4405 1115 4470 de
1130 4405 1213 4470 libro
1223 4407 1316 4487 vitae3
