3234 5125
308 437 361 490 452
585 437 903 495 MISOELLANEOUS
920 437 1135 494 emarcus.

662 691 714 746 DE
732 689 1065 745 WEREUUIOSOIRE

356 835 512 921 Tempore
528 860 593 921 quo
608 839 706 917 Cnut,
722 861 778 902 rex
794 839 973 917 Danorum,
990 837 1051 901 hac
1072 837 1179 921 patria
1197 836 1332 915 devicta,
1348 858 1421 900 vec·

313 938 393 1021 tigal
408 941 611 1025 importabile
622 942 685 1007 toti
696 942 878 1026 Anglorum
890 963 990 1024 regno
1000 942 1207 1025 imposuerat,
1218 941 1333 1005 ablatae
1342 948 1421 1004 sunt

313 1040 364 1105 hae
384 1043 502 1108 villulae
519 1045 553 1107 in
569 1044 840 1108 Uuareuuicscire
863 1067 883 1108 a
902 1045 1092 1107 monasterii
1113 1043 1322 1128 possessione,
1338 1044 1370 1107 vi
1385 1053 1420 1107 et

245 1225 249 1232 Ι
313 1145 424 1210 fraude
446 1148 660 1230 malignorum
678 1149 856 1227 Danorum,
884 1169 1021 1232 quorum
1044 1147 1190 1231 potentia
1212 1168 1252 1211 eo
1273 1154 1420 1230 tempore

312 1249 428 1314 terrori
439 1259 511 1314 erat
526 1251 685 1335 indigenis
701 1251 798 1335 hujus
813 1250 937 1335 patriae.
977 1249 1123 1314 Nomina
1138 1259 1247 1314 autem
1258 1259 1418 1314 terrarum

313 1351 381 1416 baec
396 1362 492 1418 aunt:
509 1355 701 1437 Ludiugtun
716 1354 1124 1433 etDraeitun,et111.hidae
1137 1353 1177 1416 ad
1186 1353 1371 1431 Lockeslea,
1384 1361 1419 1416 et

313 1454 562 1538 Lappawurlliu,
576 1456 757 1520 etdimidia
772 1456 951 1541 Mylekote.
996 1456 1246 1520 constituerunt
1265 1455 1365 1533 enim,
1380 1466 1419 1518 ut

313 1556 420 1640 siquid
434 1559 597 1642 vectigalis
613 1558 652 1622 ad
668 1563 744 1622 111²¹n
759 1559 928 1623 constituti
943 1558 1008 1621 diei
1023 1559 1158 1637 deesset,
1169 1558 1315 1642 quisquis
1329 1558 1419 1641 prius

313 1657 481 1739 pecuniam
503 1679 562 1740 pro
584 1679 622 1722 ea
641 1658 787 1736 solveret,
803 1659 874 1741 ejus
896 1658 1088 1741 possessioni
1111 1656 1299 1742 subjaceret.
1346 1658 1420 1720 Hac

313 1759 489 1822 calliditate
515 1760 655 1838 inventa,
677 1761 824 1844 quisquis
850 1761 989 1844 aliquam
1012 1768 1133 1825 terram
1159 1761 1200 1824 de
1223 1761 1418 1824 monasterio

314 1857 529 1946 concupierat,
546 1864 682 1946 pecunia
696 1863 772 1927 data
786 1863 977 1942 vicecomiti,
992 1865 1141 1946 vectigali
1160 1863 1300 1927 refutato
1319 1863 1418 1926 etiam

314 1965 392 2026 satis
415 1967 616 2048 tempestivo,
636 1966 722 2049 quod
747 1967 831 2030 male
856 1967 1072 2050 concupierat,
1095 1988 1153 2050 pro
1176 1967 1274 2030 libitu
1297 1966 1418 2049 injuste

313 2067 467 2150 rapiebat.
515 2069 579 2132 Sed
599 2069 687 2132 Deua
711 2071 794 2133 hanc
818 2071 869 2132 sui
892 2072 1037 2154 rapinam
1064 2071 1184 2154 absque
1206 2071 1328 2132 ultione
1351 2090 1418 2132 non

314 2170 445 2234 dimisit.
491 2173 579 2235 Nam
601 2173 821 2257 unusquisque
844 2195 966 2252 eorum,
983 2173 1038 2257 qui
1061 2172 1138 2237 huic
1159 2173 1266 2236 fraudi
1288 2194 1417 2255 operam

313 2274 482 2352 dederunt,
502 2275 599 2358 digna
622 2274 745 2338 ultione
768 2277 919 2359 percussi,
939 2284 996 2340 aut
1019 2276 1196 2340 luminibus
1217 2275 1344 2359 privati,
1360 2282 1417 2339 aut

314 2377 442 2460 paralisi
466 2377 623 2456 dissoluti,
646 2379 755 2441 autin
775 2378 933 2441 insaniam
953 2379 1036 2442 versi
1062 2387 1148 2457 sunt,
1164 2377 1296 2462 plurimi
1319 2378 1416 2441 etiam

313 2479 501 2564 semetipsos
529 2480 771 2544 interfecerunt.
832 2481 881 2544 Eo
911 2503 1038 2565 quoque
1066 2489 1212 2566 tempore
1235 2481 1416 2559 Eduuinus,

313 2583 412 2646 frater
427 2584 565 2647 Leofrici
583 2585 720 2664 comitis,
738 2584 801 2647 isto
823 2585 919 2647 modo
942 2584 1061 2650 invasit
1082 2586 1139 2647 has
1154 2584 1256 2663 villas,
1272 2606 1345 2667 quae
1365 2584 1417 2646 bis

314 2687 499 2750 nominibus
536 2688 757 2772 appellantur:
790 2687 978 2751 Bikemersc
1006 2688 1042 2750 in
1072 2687 1351 2763 Uuareuuicscire,
1382 2695 1417 2749 et

313 2791 462 2855 Wiebald
477 2791 511 2854 in
526 2790 587 2871 hoc
602 2792 837 2869 vicecomitatu,
853 2799 886 2853 et
902 2790 980 2853 alias
995 2790 1036 2854 de
1054 2790 1171 2873 quibus
1190 2790 1258 2873 jam
1278 2789 1417 2852 diximus

312 2894 348 2955 in
376 2894 567 2977 Scrcpscire.
614 2894 678 2957 Sed
700 2894 768 2978 ipse
794 2892 851 2957 diu
874 2893 935 2957 hac
964 2894 1076 2977 rapina
1104 2893 1232 2976 gavisus
1260 2914 1326 2955 uon
1356 2900 1415 2954 est.

312 2995 400 3058 Nam
416 2997 483 3079 ipse
501 3018 568 3058 non
583 2996 686 3059 multo
703 3006 776 3079 post
791 3019 811 3060 a
825 2996 963 3074 Grifin0,
978 3018 1054 3079 rege
1069 2997 1262 3073 Brittorum,
1278 2994 1416 3077 ignomi-

314 3099 404 3161 niosa
418 3106 523 3162 morte
537 3107 720 3182 peremptus
735 3108 793 3163 est.
829 3100 882 3162 Ad
896 3100 989 3183 cujus
1003 3103 1121 3161 xxxam
1136 3097 1223 3161 diem
1238 3098 1310 3180 pius
1325 3105 1415 3179 pater

312 3200 491 3279 wlstanus,
507 3210 585 3264 tunc
603 3209 746 3284 tempore
760 3200 848 3283 prior
862 3201 958 3285 hujus
972 3200 1170 3278 monasterii,
1186 3208 1220 3263 et
1234 3199 1416 3263 Wilstanns

310 3302 511 3385 praepositus,
542 3302 598 3385 qui
621 3310 731 3385 postea
752 3302 815 3365 fuit
838 3303 936 3367 abbas
960 3304 1176 3381 Gloeceastre,
1203 3324 1279 3367 cum
1307 3302 1413 3367 venis·

312 3414 385 3467 sent
411 3404 450 3467 ad
475 3404 636 3482 Alritune,
660 3412 845 3487 expetentes
868 3414 970 3469 terras
993 3406 1191 3486 monasterii,
1207 3405 1259 3468 vix
1286 3413 1415 3488 pratum

313 3505 514 3570 solummodo
535 3505 575 3569 ad
591 3507 813 3571 Mamanclive
836 3507 1003 3591 adquirere
1021 3516 1208 3591 potuerunt,
1225 3507 1318 3571 villas
1339 3528 1416 3588 vero

312 3610 403 3673 nullo
432 3608 528 3673 modo
558 3608 724 3693 adquirere
753 3611 922 3674 valuenmt
933 3638 943 3690 3
967 3611 1024 3675 sed
1045 3633 1147 3695 usque
1170 3611 1266 3674 hodie
1295 3610 1417 3694 injuste

312 3719 456 3775 retentae
472 3718 559 3788 sunt,
574 3712 660 3794 quod
670 3713 759 3775 Dens
774 3712 922 3777 emendet
936 3734 1009 3777 cum
1026 3714 1087 3777 sibi
1102 3714 1266 3797 placuerit.
1305 3713 1415 3795 AEgel-

312 3816 410 3878 unius
427 3835 563 3897 quoque,
588 3813 685 3878 abbas
704 3815 956 3895 Eouesbammii,
978 3815 1135 3899 prosperis
1158 3813 1356 3879 successibus
1380 3814 1418 3876 in

313 3928 442 3983 tantum
463 3938 644 3981 accrescens
666 3918 700 3981 iu
723 3918 850 3997 saeculo,
871 3926 910 3982 ut
931 3918 991 3981 sub
1012 3940 1089 4002 rege
1108 3917 1272 3982 Willelmo
1292 3918 1418 3981 seniore

310 4022 408 4108 judex
424 4022 528 4085 factus
543 4030 627 4084 esset
637 4021 820 4104 provinciae,
836 4042 909 4084 cum
925 4021 1091 4084 dimidiam
1107 4012 1244 4105 partem,
1255 4042 1327 4103 quae
1341 4027 1417 4087 ante

314 4149 333 4188 a
347 4124 542 4188 monasterio
558 4124 664 4187 ablata
679 4123 793 4201 fuerat,
805 4124 906 4206 ipsius
919 4124 1013 4202 villae,
1024 4146 1096 4207 quae
1107 4124 1277 4209 Mylekota
1287 4123 1416 4201 dicitur,

313 4228 353 4291 ab
372 4228 450 4311 ipso,
468 4228 522 4310 qui
541 4248 611 4290 eam
630 4226 824 4310 possederat,
841 4226 907 4289 suis
929 4228 1078 4310 ingeniis,
1094 4236 1133 4290 ut
1151 4227 1286 4303 solebat,
1303 4224 1416 4307 adqui-

313 4331 416 4407 sisset,
434 4328 574 4392 iustabat
595 4337 751 4412 qnantum
774 4337 911 4411 poterat,
929 4338 966 4392 ut
988 4331 1087 4393 etiam
1106 4330 1314 4393 medietatem
1335 4329 1418 4410 ejus,

314 4454 386 4515 quae
409 4431 513 4495 adhuc
534 4431 731 4496 monasterio
752 4431 947 4514 subjacebat,
963 4431 1156 4516 adquireret.
1201 4430 1420 4513 Tandemque,
