3234 5125
489 436 811 493 MISOELLANEOUS
829 439 1043 494 CHARTERS.
1268 441 1321 491 353

212 605 283 669 Deo
298 605 478 685 retulimus,
494 607 551 691 qui
568 607 674 673 cordis
689 608 786 671 vestri
806 608 1022 672 sinceritatem
1044 608 1084 672 ad
1101 607 1212 671 omnia
1228 607 1330 683 utilia¹

211 715 331 771 sauctoe
352 709 466 772 matris
496 709 647 775 aecclesias
676 711 876 795 compungit.
922 710 1062 775 Proinde
1087 712 1182 795 juxta
1202 708 1322 792 scripta

212 818 319 875 vestre
334 813 531 878 monasterio
548 814 677 878 Sanctae
697 815 813 877 Mariae
828 814 868 877 de
883 816 1067 893 Coventria,
1083 814 1138 877 ubi
1155 832 1320 877 servorum

211 912 274 977 Dei
289 914 468 978 constituta
482 924 532 979 est
546 916 754 999 congregatio
766 938 785 979 a
799 917 982 981 reverendae
996 915 1160 980 memoriae
1172 914 1321 979 Leofrico

212 1015 293 1081 duee
314 1038 417 1101 nuper
434 1025 608 1096 exstructo,
625 1018 809 1102 hujusmodi
830 1018 997 1101 privilegia
1017 1017 1185 1102 praesentis
1206 1016 1321 1080 autho-

211 1118 319 1183 ritatis
340 1126 459 1183 nostroe
482 1120 697 1203 indulgemus,
721 1120 940 1198 concedimus,
963 1128 1060 1203 atque
1082 1121 1319 1197 confirmamus,

212 1228 389 1285 statuentes
405 1227 443 1284 ut
457 1221 526 1305 ipse
540 1222 640 1301 locus,
656 1221 753 1305 regiis
771 1222 942 1306 praeceptis
957 1230 990 1287 et
1004 1222 1179 1305 privilegiis
1194 1229 1320 1306 aposto-

210 1322 282 1391 licis
296 1324 407 1403 fultus,
420 1344 477 1407 per
491 1323 600 1387 omnia
614 1330 759 1407 tempora
773 1324 844 1388 sinc
858 1324 1088 1389 conversatione
1102 1324 1321 1408 cujuscunque

212 1424 373 1489 diocesani
399 1425 547 1509 episcopi,
572 1433 630 1488 aut
659 1424 793 1508 alicujus
815 1424 996 1509 judiciarius
1021 1424 1190 1508 potestatis
1214 1425 1321 1508 cujus-

213 1549 350 1611 cumque
366 1527 487 1592 ordinis
502 1526 553 1591 vel
571 1526 737 1609 dignitatis
757 1528 819 1606 sit,
842 1528 897 1590 scd
915 1547 1051 1611 semper,
1066 1526 1150 1591 sicut
1165 1534 1321 1611 praeoptat

213 1637 246 1694 et
260 1630 381 1714 expetit
394 1629 619 1695 benevolentia
633 1636 691 1693 tua
703 1630 831 1712 regalis,
842 1630 954 1695 futuro
968 1637 1113 1713 tempora
1124 1636 1320 1713 permaneat.

105 1812 111 1831 ι
216 1733 344 1796 lbatrcs
358 1732 459 1816 igitur
473 1732 616 1816 ejusdem
632 1731 695 1795 loci
710 1731 853 1811 idoneos,
865 1753 905 1796 ex
919 1754 953 1796 se
968 1733 1019 1796 vel
1034 1753 1073 1795 ex
1088 1753 1153 1816 qua
1163 1731 1324 1796 voluerint

213 1834 472 1917 congregatione,
497 1834 630 1899 abbates
659 1834 725 1897 sive
755 1834 893 1898 decanos
925 1834 987 1899 sibi
1016 1855 1073 1918 per
1105 1834 1322 1899 successiones

212 1936 353 2019 eligendi
377 1936 517 2000 habeant
539 1944 744 2019 potestatem,
767 1945 801 2001 et
823 1958 864 2001 ne
888 1936 1106 2021 impediantur
1129 1937 1321 2001 auctoritate

214 2038 386 2123 apostolica
399 2038 620 2129 prohibemus.
648 2040 811 2103 Praeterea
821 2040 976 2123 quicquid
989 2039 1038 2103 illi
1051 2040 1123 2104 loco
1134 2040 1320 2116 oontrderis,

214 2140 264 2204 vel
284 2140 435 2203 collatum
457 2148 515 2219 est,
534 2141 586 2204 vel
608 2142 799 2221 conferetur,
819 2142 928 2207 divina
947 2149 980 2206 et
999 2150 1111 2206 nostru
1130 2142 1321 2206 auctoritate

213 2241 418 2321 roboramus3
442 2264 569 2307 necnon
589 2243 755 2327 privilegia
773 2251 880 2307 vestra
900 2243 940 2307 ad
959 2244 1115 2307 honorem
1135 2244 1198 2309 Dei
1220 2244 1319 2327 perti·

214 2345 333 2424 nentia,
350 2367 422 2429 quae
437 2345 485 2410 ibi
498 2345 669 2411 instituere
683 2347 834 2425 volueris,
846 2347 988 2431 gratanti
1004 2347 1122 2411 affectu
1136 2350 1319 2424 annuimus,

214 2448 450 2527 confirmamus,
468 2456 500 2511 et
518 2448 738 2514 confirmando
756 2448 992 2532 imperpetuum
1008 2457 1095 2513 stare
1109 2449 1317 2526 decrevimus,

214 2559 249 2614 et
262 2550 449 2616 infractores
464 2572 575 2616 eorum
592 2559 713 2616 aeterna
727 2552 953 2617 maledictione
968 2551 1192 2616 damnamus.”

258 2656 355 2718 Anno
369 2655 600 2719 incarnationis
614 2655 786 2719 Dominice
805 2664 950 2718 rr⁰xn111⁰
968 2654 1087 2737 scripta
1106 2662 1156 2718 est
1172 2654 1232 2719 hec
1252 2654 1317 2718 sin-

214 2757 344 2841 grapha,
371 2756 433 2821 hiis
464 2757 737 2822 consentientibus
771 2757 923 2822 ierarchia
956 2755 1012 2840 qui
1045 2756 1158 2821 subter
1192 2758 1317 2824 notati:

214 2860 371 2940 videlicet,

259 2966 299 3046 ›1‹
316 2965 387 3048 Ego
398 2963 575 3028 Edwardus
589 2985 645 3028 rex
659 2963 744 3028 hanc
758 2984 864 3027 meam
882 2962 1067 3027 libertatem
1081 2962 1180 3047 regali
1196 2962 1319 3026 stabili-

215 3073 325 3129 mento
336 3066 499 3130 affirmavi.
528 3068 568 3148 ᾧ
579 3067 650 3149 Ego
662 3065 814 3150 AElfgyfa,
826 3073 931 3129 mater
945 3065 1089 3148 ejusdem
1104 3065 1199 3149 regis,
1209 3087 1316 3129 asseu-

214 3191 286 3232 sum
303 3169 549 3233 accommodavi.
596 3171 636 3251 ›1‹
653 3169 724 3252 Ego
742 3169 869 3252 Eadgi’o
890 3168 1011 3252 regina,
1028 3168 1171 3253 ejusdem
1188 3168 1318 3233 collate-

214 3271 290 3334 ralis
304 3271 399 3354 regis,
415 3271 558 3356 ejusdem
574 3271 745 3336 donacioni
762 3271 862 3354 regali
877 3271 1034 3335 consensi.
1090 3273 1130 3353 ›1‹
1147 3273 1219 3353 Ego
1233 3271 1319 3335 Ead-

214 3372 313 3451 sinus,
321 3374 577 3438 Dorobernensis
587 3373 720 3438 ecclesie
729 3374 995 3458 archiepiscopus,
1005 3373 1163 3456 adquievi.
1197 3375 1320 3457 ›11Ego

215 3476 379 3553 AElfricus,
417 3476 630 3541 Eboracensis
671 3476 804 3540 ecclesie
851 3475 1059 3559 archipresul,
1105 3476 1317 3542 corroboravi.

215 3579 255 3659 ᾧ
271 3578 343 3660 Ego
354 3577 541 3657 Alfvvoldus,
554 3576 789 3642 Londoniensis
804 3578 981 3662 episcopus,
991 3577 1155 3661 subposui.
1192 3579 1232 3659 ›1‹
1248 3579 1320 3661 Ego

214 3679 403 3758 Ealdredus,
416 3680 831 3765 episcopusWygoruensis,
841 3679 996 3764 impressi.
1034 3682 1074 3762 ›1‹
1087 3681 1159 3763 Ego
1171 3681 1319 3762 Duduco,

214 3783 379 3866 episcopus
399 3783 573 3863 Willansis,
599 3783 759 3849 adnotavi.
822 3786 862 3866 ᾧ
879 3785 950 3866 Ego
971 3783 1123 3862 Wlfinus,
1153 3784 1321 3867 episcopus

215 3885 493 3965 Licbesfeldensis,
509 3887 715 3951 consolidavi.
773 3887 814 3967 ›1‹
830 3887 901 3968 Ego
917 3886 1138 3964 AElielstanus,
1154 3886 1320 3969 episcopus

214 3987 451 4066 Herfordensis,
478 3988 629 4052 stabilivi.
686 3990 726 4070 ›1‹
742 3989 814 4070 Ego
837 3987 1008 4070 Liuingus,
1029 3987 1196 4071 episcopus
1215 3988 1320 4052 Cridi-

214 4091 310 4168 ensis,
327 4090 470 4174 adposui.
516 4093 556 4173 ›1‹
573 4093 645 4173 Ego
663 4090 852 4168 carnosus,
868 4089 1034 4173 episcopus
1049 4089 1232 4168 Dorcensis,
1244 4110 1321 4153 con-

214 4213 343 4257 sensum
353 4192 487 4277 praebui.
534 4196 574 4276 ›1‹
587 4194 658 4275 Ego
669 4192 880 4270 Brihtwinus,
893 4192 1061 4275 episcopus
1074 4189 1320 4272 Scirbernensis,

214 4297 410 4359 confirmavi.
457 4299 497 4379 ›1‹
515 4297 585 4379 Ego
601 4295 796 4374 Berhtwold,
814 4294 981 4378 episcopus
994 4294 1232 4372 Wiltunicnsis,
1244 4316 1320 4358 cou-

214 4399 304 4462 clusi.
342 4401 382 4481 ᾧ
398 4401 471 4481 Ego
485 4399 602 4463 Manui
618 4397 724 4464 abbas.
764 4401 804 4481 ›1‹
821 4398 894 4480 Ego
910 4397 1032 4460 Siward
1047 4397 1153 4461 abbas.
1193 4399 1321 4481 ›1⁴Ego

1091 4504 1110 4564 2
1126 4524 1147 4564 a
