3234 5125
488 456 808 514 MISOELLANEOUS
828 457 1040 514 CHARTERS.
1262 459 1316 512 419

210 624 310 688 frater
334 647 426 692 meus
442 627 657 694 Hardeknout
683 650 738 693 rex
765 631 862 693 simili
884 630 980 693 modo
1001 629 1165 708 stabilivit,
1180 629 1314 712 pignore

210 749 282 791 mec
302 735 335 792 et
350 731 496 794 omniurn
517 731 736 816 episcoporum
759 753 916 810 meorum,
931 739 1186 816 cimctorumque
1202 749 1313 816 proce·

209 852 281 894 rum
305 853 462 912 meorum,
478 855 605 900 necnon
625 836 825 915 comitatum,
845 835 990 920 ejusdem
1011 835 1152 918 episcopi
1179 832 1313 898 consilio

209 935 421 1015 corroboravi,
450 945 488 1000 nt
520 959 688 1022 nunquam
725 939 841 1022 aliquis
877 937 991 1003 debeat
1023 944 1240 1001 transmutare
1271 934 1311 997 ad

209 1036 340 1102 alterius
360 1039 482 1104 ordinis
496 1040 590 1119 viros,
607 1041 671 1104 nisi
681 1041 760 1104 velit
775 1041 915 1125 separari
930 1064 950 1104 a
963 1040 1189 1104 communione
1200 1039 1264 1103 Dei
1278 1046 1311 1101 et

208 1140 353 1204 omnium
364 1150 548 1206 sanctorum
564 1144 643 1227 ejus.
674 1146 795 1208 Annuo
809 1145 908 1208 etiam
924 1145 1045 1208 Sancto
1060 1143 1127 1227 regi
1137 1141 1311 1207 Edmundo

208 1252 327 1306 terrem
360 1252 394 1308 at
421 1245 632 1325 Mildenhale‚
663 1268 737 1310 eum
766 1247 855 1311 victu
887 1255 921 1311 et
948 1246 1151 1324 hominibus3
1183 1253 1217 1309 et
1235 1246 1310 1329 jura

207 1346 328 1429 regalia
349 1364 428 1411 v111⁰
447 1357 481 1411 et
504 1348 671 1413 dimidiam
697 1350 911 1433 placitorum¹
935 1349 975 1413 ad
998 1350 1199 1433 Dynghowe,
1224 1347 1310 1431 quod

208 1448 344 1532 Angliee
367 1448 485 1514 dicitur
504 1452 633 1536 nygend
655 1451 727 1516 half
744 1453 893 1516 hundred
902 1479 912 1531 3
936 1461 969 1516 et
994 1453 1139 1517 omnium
1162 1451 1309 1514 villarum

208 1572 337 1613 suarum
356 1552 431 1635 jura
448 1554 568 1636 regalia
582 1575 691 1618 annuo
708 1555 743 1618 in
761 1555 912 1620 omnibus
927 1555 1022 1618 terris
1037 1577 1116 1638 quas
1134 1553 1231 1618 modo
1252 1554 1308 1618 ha·

207 1653 295 1731 bent,
318 1662 445 1738 atquae
461 1656 565 1722 adhuc
581 1657 773 1744 adquisituri
789 1665 874 1739 sunt,
891 1657 926 1720 in
942 1657 1003 1720 Dei
1018 1677 1126 1720 amore
1144 1677 1181 1719 ac
1196 1657 1261 1720 mei
1276 1665 1309 1720 et

207 1756 310 1822 tocius
324 1758 444 1842 populi.

430 2091 527 2147 KING
547 2093 743 2148 EADWARD
761 2093 840 2148 THE
858 2093 1085 2148 CONFFSSOR.

250 2239 291 2318 ᾧ
310 2237 380 2321 Ego
405 2237 602 2300 Eadwardus
621 2259 678 2301 rex
702 2238 884 2320 Anglorum
906 2238 1039 2302 notifico
1063 2238 1098 2299 in
1127 2236 1178 2299 his
1207 2237 1308 2299 literis

205 2338 355 2403 omnibus
370 2340 431 2404 Dei
447 2339 605 2418 fidelibus,
621 2341 707 2424 quod
722 2340 908 2404 consiliatus
929 2361 1001 2403 sum
1021 2361 1094 2403 cum
1110 2339 1189 2402 meis
1204 2339 1306 2403 archi-

204 2441 361 2525 episcopis
390 2451 423 2506 et
452 2442 608 2526 episcopis
638 2452 671 2508 et
700 2441 871 2506 abbatibus
900 2449 933 2506 et
962 2441 1146 2518 comitibus,
1170 2450 1203 2505 et
1233 2463 1307 2504 cum

204 2544 354 2609 omnibus
382 2544 462 2611 meis
492 2545 675 2625 baronibus,
700 2545 858 2623 videlicet,
885 2545 957 2609 volo
986 2552 1020 2609 et
1048 2544 1198 2629 precipio
1221 2546 1305 2629 quod

205 2648 436 2713 monasterium
459 2649 588 2731 cognati
614 2648 678 2713 mei
703 2648 816 2712 Sancti
836 2647 1010 2725 Edmundi,
1035 2658 1068 2711 et
1089 2648 1220 2711 villain
1243 2670 1307 2732 qua

205 2750 304 2813 situm
319 2758 368 2814 est
383 2750 464 2814 illud
479 2751 721 2827 monasterium,
737 2750 780 2813 sit
794 2748 1023 2833 perpetualiter
1035 2750 1071 2811 in
1084 2750 1195 2813 eadem
1210 2749 1305 2814 liber·

204 2860 272 2917 tate
291 2874 388 2937 quam
409 2854 498 2917 Cnut
518 2874 574 2917 rex
589 2861 623 2917 et
641 2852 832 2917 Hardecnut
852 2872 919 2931 rex,
938 2872 1030 2916 meus
1052 2851 1160 2929 frater,
1181 2853 1212 2916 ei
1230 2874 1305 2917 con·

203 2963 378 3034 cesserunt,
397 2963 429 3020 et
449 2955 535 3040 quod
554 2956 609 3020 ille
632 2955 723 3020 locus
744 2975 911 3038 nunquam
933 2953 976 3017 sit
995 2953 1120 3018 locatus
1137 2976 1211 3017 eum
1235 2956 1306 3018 aliis

203 3058 347 3141 personis
362 3080 459 3141 quam
470 3080 544 3122 cum
553 3057 718 3122 monachis
724 3084 734 3135 ;
751 3078 811 3120 nee
823 3056 939 3141 aliquis
953 3056 1120 3140 episcopus
1131 3057 1186 3139 qui
1197 3066 1247 3122 est
1256 3060 1305 3121 vel

203 3182 347 3244 unquam
358 3161 430 3239 erit,
440 3161 475 3224 in
483 3161 619 3225 Noriolc
629 3160 677 3225 vel
689 3160 820 3238 Suffolc,
830 3158 950 3223 habeat
957 3180 1100 3243 unquam
1110 3168 1304 3242 potestatem

203 3261 342 3345 aliquam
364 3262 399 3325 in
421 3264 534 3328 eodem
557 3262 763 3341 monasterio,
779 3282 839 3327 nec
862 3261 946 3324 infra
970 3262 1050 3324 fines
1072 3262 1216 3344 ejusdem
1230 3263 1305 3327 ville

201 3363 350 3427 crucibus
365 3362 559 3447 designatos.
604 3365 649 3429 Ilt
664 3363 815 3429 monachi
830 3363 885 3446 qui
904 3362 950 3425 ibi
970 3362 1093 3445 degunt
1108 3362 1229 3446 eligant
1244 3366 1305 3429 sibi

202 3464 351 3529 abbatem
372 3466 412 3529 de
434 3467 556 3550 seipsis,
577 3467 674 3531 sicuti
695 3466 799 3530 eidem
822 3464 1017 3529 monasterio
1040 3472 1073 3527 et
1091 3466 1208 3529 eaedcm
1228 3468 1303 3531 ville

201 3567 351 3631 concessi.
397 3568 588 3633 Permaneat
607 3568 643 3632 in
664 3574 866 3652 perpetuum,
886 3566 1070 3650 ubicunque
1092 3567 1214 3632 habent
1236 3592 1304 3634 mo-

200 3670 295 3735 nachi
309 3677 411 3735 terras
426 3670 492 3735 sive
506 3670 664 3750 homines,
680 3692 737 3735 seu
756 3670 792 3732 in
814 3654 962 3732 futurum
978 3669 1153 3753 acquirent,
1169 3692 1226 3754 per
1241 3673 1304 3737 Dei

200 3772 355 3835 auxilium
378 3779 411 3835 et
434 3774 593 3837 bonorum
615 3774 794 3837 hominum.
844 3772 944 3835 Nunc
965 3771 1066 3854 igitur
1089 3793 1168 3855 rogo
1190 3794 1301 3838 omnes

202 3882 264 3945 Dei
287 3882 406 3945 amicos
420 3882 476 3965 qui
490 3902 577 3969 nunc
592 3882 704 3946 vivunt
719 3902 775 3945 seu
793 3881 895 3946 fiutnri
909 3890 997 3960 sunt,
1012 3881 1099 3965 quod
1112 3904 1170 3966 pro
1185 3885 1301 3949 timore

201 3984 264 4047 Dei
278 4006 444 4068 nunquam
460 3984 570 4047 sintin
584 3984 655 4049 loco
670 4005 726 4047 seu
742 3984 776 4047 in
791 3984 929 4048 coneilio
939 3984 997 4047 ubi
1007 3983 1160 4066 predicta
1170 3983 1302 4051 libertas

200 4087 243 4149 sit
258 4078 384 4149 mutata
405 4085 454 4149 vel
474 4086 693 4165 adnichillata,
710 4107 807 4169 quam
832 4094 1048 4149 antecessores
1064 4086 1167 4148 nostri
1189 4094 1222 4149 et
1243 4110 1302 4151 nos
1354 4123 1356 4127 ·

201 4189 321 4252 Sancto
335 4187 511 4252 Edmundo
532 4196 567 4252 ct
589 4188 783 4252 monasterio
806 4210 865 4251 suo
885 4186 1110 4251 concessimus.
1157 4188 1251 4252 Quod
1275 4191 1303 4253 si

199 4290 314 4374 aliquis
333 4289 432 4353 fuerit
446 4289 493 4353 ita
508 4310 653 4367 vesanus,
670 4311 725 4372 per
744 4290 957 4353 incitamenta
979 4288 1109 4367 diaboli,
1126 4290 1212 4371 quod
1228 4293 1303 4355 velit

282 4433 291 4464 ¹
311 4430 391 4485 MSS.
406 4430 519 4486 Cantab.
535 4437 563 4485 et
574 4431 651 4485 Harl.
664 4431 724 4484 645.
734 4430 753 4483 f.
769 4429 840 4498 125⁵,
852 4429 976 4484 ‘dimidii
991 4430 1209 4485 hundredorum!

1033 4522 1053 4579 2
1070 4540 1088 4579 s
1108 4522 1128 4581 2
