3234 5125
491 441 812 498 MISCELLANEOUS
831 443 1047 500 CIIARTERS.
1274 443 1325 498 107

215 615 361 680 omnium
377 614 567 678 secularium
584 613 732 678 absoluta
745 615 910 679 servitute.
947 614 1074 678 Placuit
1089 620 1197 678 antem
1212 612 1325 677 Athel-

216 728 310 783 stano
331 716 590 782 Scirabomensis
610 716 743 782 ecclesie
763 717 924 800 episcopo,
939 725 973 780 et
989 717 1165 780 Sunithino
1179 716 1327 799 episcopo

215 821 553 906 Wyntonceastrensis
578 820 720 900 ecclesie,
737 841 813 884 oum
836 820 987 884 omnibus
1009 821 1081 884 Deo
1101 818 1325 896 servientibus,

216 932 255 988 ut
279 925 315 987 in
338 943 532 1007 unaquaque
555 921 744 1002 ebdomada,
765 923 817 987 die
840 923 985 1002 Sabbati,
1008 923 1171 987 unanimis
1193 943 1325 1006 congre·

217 1025 310 1110 gacio
332 1025 529 1089 famulorum
552 1025 812 1110 famularumque
841 1026 905 1091 Dei
934 1048 964 1090 n.
987 1026 1127 1110 psalmos
1151 1033 1270 1104 cantet,
1292 1033 1327 1088 et

216 1128 437 1212 unnsquisque
451 1127 550 1192 frater
561 1127 641 1192 duas
656 1128 779 1208 missas,
789 1150 888 1202 aunam
897 1150 956 1213 pro
966 1129 1181 1213 Anelwmpho
1194 1149 1279 1212 rega,
1292 1137 1326 1192 et

217 1231 380 1315 aliampro
391 1231 590 1315 episcopisct
600 1231 754 1296 ducibus:
770 1233 877 1296 oracio
885 1253 945 1315 pro
952 1252 1028 1314 rege
1036 1232 1180 1296 vivente:
1199 1232 1324 1309 “Deua

217 1335 273 1418 qui
294 1335 453 1419 justificas
475 1333 652 1418 impium'';
674 1355 733 1418 pro
751 1334 909 1419 episcopis
925 1341 959 1398 et
973 1333 1109 1399 ducibus
1123 1333 1325 1398 viventibus:

219 1443 241 1473 “
253 1435 414 1501 Pretende
429 1436 570 1501 Domine
578 1436 600 1470 '³
605 1463 615 1516 3
638 1445 810 1521 postquam
827 1438 852 1500 ii
867 1437 1012 1501 defuncti
1030 1437 1163 1516 fuerint,
1178 1458 1236 1520 pro
1250 1458 1326 1520 rege

218 1540 370 1604 defuncto
394 1539 583 1624 specialiter,
599 1561 657 1624 pro
679 1541 835 1624 episcopis
855 1549 888 1604 et
906 1540 1042 1605 ducibus
1061 1540 1222 1606 defunctis
1238 1562 1326 1606 eom-

201 1643 360 1708 'munitet
385 1643 469 1708 hanc
498 1642 736 1707 conferentibus
765 1644 988 1723 donacionem,
1012 1652 1050 1708 ut
1078 1652 1148 1708 tam
1175 1643 1327 1708 roborata

219 1753 399 1831 perseveret
423 1746 578 1831 quamdiu
596 1746 676 1810 fides
697 1746 945 1831 christianaque
964 1747 1078 1830 religio
1094 1748 1129 1811 in
1145 1747 1325 1831 Anglorum

218 1859 314 1934 gente
328 1851 518 1915 inconcussa
531 1849 704 1934 pervigeat.
751 1851 826 1914 Hoc
843 1851 879 1914 in
896 1851 1051 1916 honorem
1070 1851 1204 1915 Domini
1224 1849 1327 1914 nostri

219 1955 239 2018 J
242 1953 323 2018 hesu
337 1954 458 2018 Christi
477 1953 622 2032 femmas,
638 1961 672 2016 et
694 1952 786 2018 beate
804 1974 843 2017 ao
861 1975 987 2037 semper
1004 1953 1136 2036 virginis
1156 1953 1273 2031 Mario,
1289 1975 1327 2017 ac

219 2057 365 2122 omnium
390 2065 587 2136 sanctorum,
612 2063 646 2120 et
670 2055 831 2140 paschalia
854 2055 929 2119 festi
952 2055 1145 2134 reverencia,
1168 2063 1207 2119 nt
1236 2057 1326 2119 Dens

219 2161 424 2245 omnipotens
438 2158 596 2244 nobisque
607 2168 640 2224 et
651 2159 770 2224 nostris
781 2160 919 2244 posteris
930 2159 1183 2256 misericordiam
1194 2160 1326 2224 afferat:

218 2271 252 2328 et
269 2251 337 2328 hoc'
354 2262 414 2328 sub
437 2263 624 2327 testimonio
649 2270 814 2346 satrapum
840 2269 1027 2326 nostrorum
1049 2262 1263 2346 plurimorum
1287 2262 1327 2326 ad

218 2366 510 2444 confirmacionem,
541 2386 679 2448 quorum
709 2365 844 2430 nomina
868 2366 981 2430 subter
1009 2388 1135 2430 annexa
1159 2373 1325 2430 vocentur.

218 2457 346 2553 Scripta
354 2475 404 2532 est
413 2467 700 2554 heccartulaanno
707 2468 877 2532 Dominiee
886 2468 1121 2532 incarnacionis
1130 2489 1327 2547 naccum„

218 2573 394 2639 indictione
416 2572 531 2656 prima,
554 2572 606 2636 die
629 2592 705 2635 vero
728 2572 881 2655 paschali,
904 2572 939 2635 in
960 2572 1084 2655 palacio
1107 2581 1217 2638 nostro
1240 2572 1326 2657 quod

219 2676 336 2741 dicitnr
350 2676 506 2739 Wiltone.
550 2675 650 2738 Terra
668 2674 731 2737 ista
749 2695 848 2757 quam
867 2674 903 2738 in
917 2674 1101 2739 libertatem
1114 2676 1266 2759 ponimus
1286 2676 1327 2739 ad

218 2778 384 2843 eeclesiam
399 2777 539 2861 pertinet
554 2776 594 2840 ad
610 2776 872 2861 Glastingaburi:

264 2882 341 2945 Daet
354 2880 381 2943 is
393 2884 496 2965 banne
511 2888 650 2945 areston
662 2879 749 2943 Bok-
830 2879 916 2943 'Phat
927 2880 1008 2943 then
1017 2880 1047 2943 is
1054 2880 1125 2944 first
1137 2907 1144 2944 ε
1166 2882 1207 2944 In
1216 2882 1325 2945 Buck-

219 2984 297 3048 lond
308 2983 438 3047 tounfif
450 2981 547 3060 hide;
564 2984 598 3046 in
613 2981 655 3047 be
667 2983 752 3047 Pen·
792 2982 871 3046 land
892 2990 981 3047 town
1004 2984 1065 3048 five
1086 2983 1196 3062 hides3
1229 2984 1262 3047 in
1282 2983 1328 3068 by

219 3087 300 3151 nard
324 3107 378 3151 sex
400 3086 501 3165 hidas,
529 3107 573 3150 on
596 3087 751 3150 Gotones·
794 3087 944 3150 Pennard
981 3088 1031 3151 six
1060 3087 1170 3166 hides;
1202 3088 1238 3151 in
1264 3088 1327 3152 Co·
1353 3147 1359 3167 ,

219 3190 304 3255 felde
318 3194 360 3255 san
380 3189 541 3274 hywysce·
558 3208 577 3270 Ἰ
595 3210 638 3252 on
653 3188 750 3253 Cera·
794 3189 945 3253 tensfield
976 3212 1038 3255 one
1069 3190 1165 3270 hide;
1199 3190 1263 3254 and
1291 3190 1327 3255 in

221 3293 388 3357 wicombe·
420 3292 485 3355 and
513 3292 613 3381 pober
639 3291 691 3355 del
718 3289 756 3354 of
794 3293 1026 3373 Cerawioomb,
1056 3294 1120 3358 and
1149 3294 1206 3358 the
1234 3294 1328 3358 other

221 3395 353 3461 Branok
370 3394 465 3479 hyalf
476 3393 618 3459 hiwisce·
639 3394 702 3457 and
722 3394 752 3457 al
794 3402 869 3478 part
899 3395 937 3459 of
961 3396 1094 3460 Branok
1119 3396 1191 3460 half
1211 3418 1230 3460 a
1252 3396 1329 3461 hide

220 3504 274 3585 bat
288 3500 368 3563 citer
382 3497 445 3561 del.
795 3498 860 3561 and
876 3498 919 3562 all
934 3498 991 3563 the
1005 3500 1099 3563 other
1113 3508 1196 3583 part.

266 3602 334 3668 Qui
349 3602 433 3666 hanc
447 3622 565 3684 augere
584 3600 721 3664 voluerit
738 3610 849 3666 nostre
863 3601 1076 3667 donacionem
1091 3604 1329 3682 satisfactionis,

220 3712 337 3789 augeat
352 3706 442 3769 Deus
456 3704 662 3787 omnipotens
672 3702 742 3767 dies
753 3704 823 3788 ejus
834 3726 1011 3789 prosperos.
1048 3706 1084 3770 si
1099 3728 1175 3770 vero
1186 3706 1258 3790 quis
1270 3706 1330 3769 mi·

220 3808 376 3873 nuerevel
384 3808 558 3871 immutare
566 3808 806 3890 presumpserit,
813 3816 925 3872 noscat
933 3828 968 3872 se
977 3816 1052 3873 ante
1062 3808 1330 3874 tribunolChristi

220 3910 424 3976 redditurum
439 3910 610 3988 rationem,
626 3910 690 3973 nisi
704 3910 793 3993 prius
809 3910 1029 3975 satisfactione
1043 3911 1272 3976 emendaverit.

267 4016 394 4097 »14Εςο
423 4012 586 4077 Αὔθίποὶί
608 4034 663 4076 rex
692 4012 875 4096 subscripsi.
932 4018 972 4096 »14
991 4014 1123 4078 Swidon
1152 4014 1329 4097 episcopus.
1409 4076 1413 4083 ,

223 4121 262 4199 »14
278 4117 477 4181 A’delstanus
502 4116 677 4200 episcopus.
733 4119 772 4197 »14
788 4116 920 4183 Eanwlf
938 4117 1013 4180 dux.
1069 4120 1109 4197 »14
1125 4116 1230 4180 Wlfer
1253 4115 1328 4179 dux.

223 4224 264 4303 »14
280 4219 424 4284 Wnlfluf
443 4219 552 4283 abbas.
599 4222 640 4301 »14
657 4218 823 4305 Wyeffard
847 4217 956 4283 abbas.
1002 4220 1043 4299 »14
1058 4218 1201 4282 Aoelred
1230 4217 1330 4282 frater

221 4324 317 4407 regis.
385 4326 424 4404 »14
443 4322 555 4386 Alneo
579 4321 665 4385 filius
687 4322 781 4405 regis.
851 4326 891 4404 »14
908 4324 995 4386 Erue
1020 4320 1168 4385 minister
1190 4322 1275 4404 regis
1297 4327 1332 4385 et

224 4427 319 4491 multi
335 4426 399 4489 alii.
