3234 5125
494 635 690 691 LEOFLAED.
727 635 970 692 mne-Me.

223 781 262 862 ›1‹
279 779 352 843 Tibi
371 779 502 844 domino
517 780 732 846 delectissimo
747 789 844 865 atque
857 779 1033 846 venerabili
1046 777 1185 843 domine
1198 797 1280 840 mee

176 881 297 963 regine
312 883 462 946 omnibus
476 883 582 948 modis
596 884 716 966 gratias
732 883 846 963 refero,
862 883 948 967 quod
963 884 1048 948 ciros
1061 903 1114 946 me
1129 880 1279 945 ancillam

176 990 313 1047 vestram
327 981 467 1068 benigne
488 1006 582 1069 agere
596 985 752 1064 voluistis,
769 993 802 1050 et
816 985 897 1049 mihi
916 986 957 1050 de
974 983 1164 1049 substantiis
1186 982 1277 1059 meis,

176 1106 215 1149 ex
230 1108 294 1169 quo
308 1086 358 1150 vir
371 1109 463 1152 meus
478 1089 603 1153 ablatus
618 1097 667 1153 est
683 1111 702 1152 a
716 1109 778 1167 me,
793 1110 852 1172 pro
873 1087 970 1152 libitu
991 1087 1159 1171 disponere
1172 1084 1279 1149 indul·

175 1187 272 1252 sistis.
317 1189 415 1254 Nune
440 1190 541 1274 igitur
564 1190 709 1270 ostend0‚
724 1189 761 1254 in
782 1191 844 1255 hoe
865 1190 985 1270 libello,
1001 1189 1087 1273 quod
1108 1189 1217 1252 villam
1238 1186 1278 1250 de

176 1290 346 1355 Belesham
375 1292 446 1356 Deo
472 1301 506 1356 et
535 1295 655 1358 Sancto
685 1296 793 1373 Petro,
819 1300 852 1358 et
881 1301 999 1358 sancte
1023 1293 1141 1376 virgini
1167 1290 1276 1354 AEeel·

176 1393 289 1471 dredae,
305 1416 380 1458 cum
399 1394 550 1459 omnibus
567 1396 609 1460 ad
628 1417 699 1460 eam
716 1396 955 1480 pertinentibus
970 1403 1044 1481 post
1063 1395 1149 1459 diem
1167 1414 1277 1457 meum

176 1497 326 1575 concedo,
349 1519 407 1581 pro
432 1498 540 1562 anima
562 1498 622 1561 viri
646 1499 710 1562 mei
736 1504 769 1561 et
791 1497 902 1563 liberis
925 1498 1018 1577 meis,
1042 1519 1099 1562 seu
1122 1495 1202 1560 vivis
1226 1495 1279 1559 vel

176 1596 346 1663 defunctis.
402 1601 529 1666 Deinde
553 1602 676 1666 duabus
705 1602 832 1666 filiabus
861 1603 941 1666 meis
970 1622 1079 1665 annuo
1107 1598 1279 1664 Stevcche-

175 1699 281 1764 worde
305 1701 383 1765 dum
405 1703 515 1767 vivant
539 1710 659 1783 tenere,
677 1704 854 1768 AEllwenne
877 1711 911 1767 et
933 1702 1108 1780 AElfswide,
1133 1709 1166 1764 et
1190 1701 1279 1764 ultre

175 1802 244 1866 dies
259 1823 333 1868 suos
347 1805 382 1867 in
396 1805 504 1869 locum
525 1814 673 1870 sanctum
688 1806 751 1890 Ely
764 1805 866 1870 libere
883 1805 1060 1869 dimittant.
1106 1802 1187 1866 Alie
1200 1823 1277 1867 vero

174 1905 255 1984 filiae,
276 1907 398 1972 scilicet
413 1907 590 1987 Leosware‚
608 1909 715 1973 vicum
737 1908 818 1971 illud
834 1908 874 1972 de
887 1906 1199 1989 Weddreringesete,
1216 1904 1276 1968 sub

173 2007 235 2072 hac
260 2008 443 2073 conditione
471 2011 634 2094 permitto,
658 2017 696 2073 ut
718 2017 804 2075 caste
833 2030 868 2074 se
897 2015 1072 2088 conservet,
1097 2009 1147 2072 vel
1169 2008 1276 2072 virum

173 2109 316 2193 legitime
337 2112 540 2195 accipietne
562 2112 631 2196 ipse
645 2120 679 2176 et
693 2113 862 2197 progenies
883 2119 994 2176 nostra
1014 2110 1177 2195 lupanaris
1199 2131 1277 2175 con·

174 2213 253 2294 tagii
283 2221 414 2278 notetur
438 2214 580 2278 infamia.
628 2215 707 2279 Haee
733 2223 766 2278 et
789 2215 852 2278 alie
875 2235 949 2297 ego,
970 2213 1088 2278 ancilla
1115 2221 1183 2293 tus,
1205 2221 1276 2276 tam

174 2314 323 2378 ecelesiis
338 2337 434 2399 quem
454 2316 647 2395 domesticis,
664 2316 793 2379 domine
808 2337 876 2394 rex,
890 2324 949 2379 tuo
968 2315 1087 2394 favore,
1102 2323 1175 2398 post
1190 2314 1275 2378 diem

174 2437 292 2496 meum,
317 2438 386 2482 esse
411 2417 556 2502 dispono,
572 2425 605 2481 et
627 2425 699 2482 rata
723 2419 757 2481 in
780 2439 882 2481 evum
905 2417 1091 2495 consistent,
1118 2438 1214 2480 nemo
1237 2439 1276 2482 ea

173 2528 288 2605 preter
309 2527 352 2601 te,
368 2519 454 2605 quod
476 2519 569 2600 absit,
586 2519 754 2585 subtrahat
769 2520 820 2584 vel
841 2518 978 2583 minuat.
1024 2519 1069 2583 Et
1091 2518 1275 2603 quicunque

171 2623 258 2687 aliud
272 2644 311 2686 ex
326 2624 372 2687 eis
387 2624 520 2689 evellere
534 2623 719 2702 tentaverit,
734 2622 994 2686 meledictionem
1008 2622 1125 2686 habeat
1140 2622 1275 2686 Domini

171 2726 274 2790 nostri
300 2727 403 2791 Jhesu
426 2728 558 2807 Christi,
592 2734 626 2789 et
654 2748 729 2790 cum
759 2725 846 2789 Juda
876 2725 1042 2811 proditore
1074 2725 1274 2813 auditionem

136 2872 143 2885 ·
171 2829 289 2893 melam
310 2830 430 2908 audiat,
447 2834 468 2865 “
481 2831 532 2893 Ite
547 2829 709 2893 maledicti
724 2829 759 2892 in
774 2828 883 2911 ignem
902 2835 1057 2892 eternum
1072 2829 1128 2913 qui
1142 2836 1273 2911 paratus

171 2939 221 2995 est
243 2930 369 2996 diabolo
391 2938 424 2995 et
446 2932 568 3014 angelis
585 2931 687 3015 ejus.'’
735 2930 814 2995 Haec
829 2930 948 3013 scripto
962 2930 1132 3014 tripliciter
1146 2931 1272 3014 consig-

171 3042 309 3097 nantur:
340 3054 443 3097 unum
465 3041 514 3099 est
538 3034 623 3118 apud
640 3034 713 3119 Ely,
730 3032 819 3097 aliud
837 3033 874 3095 in
891 3034 1078 3097 thesaurum
1095 3033 1190 3117 regis,
1206 3041 1271 3098 ter·

170 3136 253 3199 tium
269 3136 420 3201 Leofleds
432 3136 532 3201 habet
543 3137 565 3201 ¹.

205 3321 213 3351 ¹
233 3320 250 3352 “
259 3318 328 3384 Quae
348 3334 410 3373 eum
429 3324 537 3374 mortus
550 3318 611 3389 fuit,
624 3336 719 3391 eorpus
735 3318 811 3373 illius
829 3320 864 3374 ad
885 3336 934 3373 nos
953 3318 1075 3374 delatum
1090 3320 1120 3373 in
1137 3318 1271 3375 cimiterio

166 3404 281 3460 denum
301 3406 436 3478 sepelitur.
474 3406 536 3471 Qua
551 3405 659 3478 sepulta
675 3423 740 3459 mox
751 3405 809 3459 filia
824 3404 884 3477 ejus
899 3405 1013 3477 praefata
1024 3404 1194 3474 AElfeswida,
1205 3423 1269 3459 cum

165 3490 331 3563 possessione
342 3492 376 3545 de
388 3491 620 3559 Steveeheworde,
633 3490 762 3545 ecclesie
774 3508 803 3544 se
815 3492 924 3545 tradens
936 3491 989 3546 viri
1001 3491 1166 3545 consortium
1178 3509 1269 3563 asper·

165 3583 255 3645 nstin,
265 3576 324 3631 illic
332 3576 436 3649 jugiter
446 3577 565 3649 professo
575 3580 618 3629 est
628 3593 798 3648 permanere;
812 3576 857 3629 eui
870 3576 973 3630 tradita
982 3582 1024 3630 est
1036 3576 1180 3648 Coveneis,
1193 3578 1269 3632 loeus

165 3663 329 3717 monasterio
341 3662 454 3731 vicium,
466 3662 513 3717 ubi
533 3661 710 3717 eurifiixorie
732 3666 762 3715 et
778 3660 896 3715 texturis
916 3662 1045 3717 secretius
1061 3681 1124 3717 cum
1140 3664 1268 3735 puellulis

166 3747 288 3817 vacabat,
300 3764 361 3818 que
374 3748 408 3802 de
423 3747 529 3819 proprio
547 3754 658 3819 sumptu
670 3747 760 3802 albam
778 3746 897 3801 casulam
915 3747 971 3801 suis
989 3747 1113 3802 menibus
1134 3748 1193 3821 ipsa
1204 3750 1268 3806 telis

165 3834 268 3906 ingenii
280 3832 442 3906 peritissima
459 3833 532 3887 lecit.
568 3834 607 3886 Et
624 3850 698 3887 soror
708 3832 766 3905 ejus
779 3832 921 3887 Leosware
932 3832 1101 3887 nobilissimo
1112 3833 1171 3888 viro
1183 3833 1266 3888 Leos-

164 3921 238 3975 wino
258 3918 409 3974 sublimiter
420 3919 520 3987 dotata,
533 3924 633 3973 terram
647 3919 681 3973 de
692 3918 927 3990 Wedrcnngesets
945 3919 1074 3974 ecclesie
1092 3919 1266 3991 postmodum

165 4006 273 4079 cdjeeit,
286 4012 315 4062 et
325 4006 430 4079 plura?
442 4012 493 4061 ete
512 4006 584 4060 Hist.
597 4004 693 4060 Hieta
706 4022 747 4077 ap.
761 4005 839 4074 Gale,
851 4004 869 4059 i.
883 4022 927 4077 pp.
935 4006 998 4075 496,
1010 4006 1072 4059 508.

466 4264 893 4275 -—---—--—-.-..-.-
904 4266 953 4272 ...—.
