3234 5125
486 443 808 500 MISCELLANEOUS
828 443 1042 498 OHARTERS.
1263 443 1316 497 409

210 615 335 680 meritis
349 611 455 680 v'cstro
465 615 621 680 desiderio
636 623 669 679 et
683 615 844 679 voluntati
855 616 1071 700 Omnipotens
1080 617 1170 679 Deus
1184 621 1317 699 praestet

211 718 371 797 effectum,
390 727 423 782 et
445 719 614 782 confirmet
633 717 722 782 vobis
744 718 870 801 paterni
891 718 984 800 regni
1004 718 1186 801 imperium,
1208 725 1241 780 et
1259 715 1317 779 tri-

210 819 289 884 buat
313 821 399 904 pacis
428 820 674 899 incrementum,
698 828 732 884 et
756 829 829 904 post
855 820 1023 904 praesentis
1046 821 1121 885 vitae
1147 821 1318 885 decursum

211 923 364 1008 perducat
384 922 423 986 ad
440 931 598 987 aeternum
618 922 836 1006 permanentis
854 922 965 1005 gloriae
983 924 1164 1007 imperium.
1211 925 1317 988 Reno-

211 1031 325 1090 vamus
354 1047 431 1111 ergo
461 1035 494 1090 et
524 1027 751 1090 confirmamus
780 1034 813 1089 et
843 1046 997 1109 augemus
1025 1026 1116 1090 vobis
1152 1027 1319 1110 privilegia

211 1136 335 1193 vestra:
359 1129 490 1208 scilicet,
508 1138 546 1192 ut
565 1127 704 1192 absoluti
722 1128 793 1192 sitis
811 1127 852 1192 ab
871 1129 928 1193 illo
943 1136 1019 1193 voto
1040 1128 1126 1212 quod
1142 1129 1318 1221 timebatis,

212 1241 245 1295 et
265 1231 306 1295 ab
326 1232 477 1296 omnibus
497 1232 568 1296 aliis
587 1231 727 1315 peccatis
745 1242 780 1295 et
796 1231 1023 1314 iniquitatibus
1038 1233 1161 1312 vestris,
1178 1233 1318 1296 auctori·

212 1341 280 1398 tate
301 1335 389 1398 illius
410 1336 466 1419 qui
487 1357 550 1414 me,
568 1335 645 1399 licet
664 1335 846 1419 indignum,
866 1357 933 1398 suae
954 1343 1074 1400 sanetae
1096 1335 1164 1399 sedi
1183 1356 1319 1420 praesse

212 1437 324 1501 voluit.
371 1439 520 1502 Preterea
544 1438 593 1500 illi
622 1437 694 1502 loco
719 1459 816 1520 quem
839 1438 900 1502 sub
923 1439 1054 1503 nomine
1083 1447 1204 1503 sanotae
1225 1439 1318 1523 peni-

213 1540 334 1619 tentioe‚
354 1540 606 1605 construendum
626 1550 659 1604 et
679 1541 916 1604 meliorandum
937 1541 1131 1625 suscepistis,
1154 1542 1318 1625 quoniam,

212 1652 251 1707 ut
272 1644 383 1722 fertur,
406 1644 543 1727 primam
566 1643 746 1725 antiquitus
769 1643 1042 1707 consecrationem
1064 1665 1084 1707 a
1105 1644 1201 1708 beato
1221 1646 1319 1709 Petro

214 1747 345 1830 accepit,
363 1748 465 1830 cujus,
481 1746 558 1810 lioet
576 1745 713 1829 indigni,
729 1745 840 1809 vicarii
862 1748 973 1825 simus,
989 1755 1022 1809 et
1037 1747 1114 1830 quia
1127 1748 1216 1832 regia
1234 1749 1318 1810 anti-

213 1851 323 1932 quitus
349 1849 438 1912 sedes
461 1857 521 1926 est,
546 1869 584 1912 ex
611 1848 803 1912 auctoritate
827 1848 892 1912 Dei
920 1858 953 1911 et
982 1858 1165 1913 sanctorum
1192 1860 1319 1934 aposto-

213 1953 319 2016 lorum
334 1960 430 2034 atque
444 1951 541 2034 hujus
558 1952 714 2014 Romanae
736 1950 819 2014 sedis
838 1959 872 2014 et
889 1961 1000 2015 nostra
1017 1953 1232 2030 concedimus,
1249 1974 1319 2035 per-

213 2055 383 2133 mittimus,
414 2064 446 2118 et
476 2053 667 2118 solidissime
697 2054 935 2133 confirmamus,
965 2064 1004 2118 ut
1037 2055 1174 2138 amplius
1202 2054 1319 2138 imper-

213 2166 346 2241 petuum
364 2157 460 2240 regiae
474 2157 716 2220 constitutionis
734 2164 767 2220 et
785 2157 1035 2221 consecrationis
1048 2158 1139 2222 locus
1153 2159 1206 2237 sit,
1223 2166 1320 2240 atque

214 2260 438 2344 repositorium
457 2260 614 2343 regalium
631 2259 818 2342 insignium,
839 2268 873 2323 et
892 2260 1055 2324 habitacio
1078 2269 1233 2345 perpetua
1252 2284 1320 2326 mo-

214 2363 402 2442 nachorum,
425 2363 482 2446 qui
504 2363 586 2425 nulli
612 2363 745 2426 omnino
768 2383 912 2447 personae
935 2364 999 2426 nisi
1021 2366 1091 2447 regi
1120 2365 1319 2444 subdantur3

213 2466 418 2550 habeantque
434 2473 636 2550 potestatem,
653 2465 830 2530 secundum
844 2466 989 2549 regulam
1011 2467 1124 2531 Sancti
1142 2467 1320 2546 Benedicti,

215 2594 272 2655 per
289 2572 504 2635 successiones
523 2570 643 2654 eligere
664 2592 701 2634 ex
720 2592 754 2633 se
774 2570 907 2633 idoneos
927 2570 1077 2649 abbates3
1100 2592 1204 2653 neque
1219 2571 1318 2635 intro-

216 2674 352 2738 ducatur
368 2696 425 2757 per
443 2673 628 2737 violentiam
649 2680 801 2737 extranea
819 2694 963 2756 persona,
986 2674 1050 2736 nisi
1067 2696 1164 2756 quam
1186 2695 1321 2738 concors

216 2778 423 2860 congregacio
450 2776 511 2839 sibi
535 2796 669 2860 praeesse
693 2775 835 2858 elegerit.
889 2775 1096 2839 Absolvimus
1121 2776 1222 2839 eciam
1246 2798 1321 2841 eum

214 2880 322 2944 locum
345 2879 386 2943 ab
409 2879 498 2943 omni
514 2878 642 2942 servitio
664 2885 697 2941 et
717 2878 941 2942 dominacione
958 2878 1138 2962 episcopali,
1158 2888 1195 2942 ut
1212 2881 1322 2945 nullus

215 2983 379 3067 episcopus
403 2983 479 3046 illuc
498 2983 637 3046 introeat
657 2980 864 3045 ordinaturus
882 2991 938 3045 aut
959 2990 1169 3065 precepturus
1188 2984 1319 3066 aliquid,

215 3086 278 3149 nisi
307 3108 345 3150 ex
375 3085 528 3169 petitione
558 3092 590 3149 et
620 3106 778 3149 consensu
802 3082 926 3147 abbatis
951 3092 984 3147 et
1007 3084 1257 3163 monachorum3
1289 3094 1322 3149 et

216 3188 331 3251 habeat
351 3188 438 3251 idem
455 3187 545 3251 locus
567 3187 705 3251 liberum
728 3188 940 3270 procinctum,
958 3188 992 3250 id
1014 3196 1073 3265 est,
1096 3189 1264 3268 ambitum,
1289 3196 1322 3253 et

216 3292 425 3375 cymeterium
440 3298 643 3355 mortuorum
659 3290 744 3353 circa
764 3311 797 3353 se
814 3289 934 3373 absque
954 3292 1125 3375 episcopali
1144 3292 1195 3356 vel
1214 3294 1320 3376 cujus-

216 3414 342 3477 cunque
364 3402 511 3477 respectu
532 3393 582 3458 vel
605 3394 780 3471 exactione,
805 3402 838 3457 et
862 3394 1056 3477 omniaque
1080 3394 1121 3457 ad
1137 3395 1321 3459 libertatem

216 3504 249 3560 et
275 3497 500 3561 exaltationem
526 3496 614 3559 illius
636 3495 700 3559 loci
722 3496 762 3558 ad
784 3496 941 3560 honorem
964 3497 1027 3560 Dei
1049 3497 1245 3580 pertinentia
1266 3520 1322 3581 per

216 3607 360 3663 nostram
375 3599 600 3663 auctoritatem
619 3598 769 3661 accedere
784 3606 930 3682 possunt,
946 3598 1040 3661 hilari
1057 3606 1090 3662 et
1105 3600 1323 3683 promtissima

216 3703 394 3781 voluntate,
425 3702 639 3766 concedimus.
685 3701 904 3764 Possessiones
939 3708 1047 3763 autem
1082 3723 1162 3784 quas
1196 3702 1321 3785 antiqui

217 3827 306 3889 reges
321 3828 377 3870 seu
392 3806 575 3888 quicunque
590 3804 645 3866 alii
659 3803 805 3867 homines
816 3825 872 3867 vos
883 3825 1011 3887 quoque
1026 3826 1063 3867 ac
1073 3804 1171 3868 vestri
1185 3804 1321 3867 barones

216 3910 256 3971 ad
272 3909 408 3973 cundem
422 3908 529 3973 locum
544 3907 736 3985 contulistis,
753 3916 786 3970 et
802 3915 906 3970 cartas
922 3928 993 3991 quae
1009 3929 1048 3971 ex
1063 3908 1109 3970 eis
1124 3907 1217 3970 sectae
1234 3915 1320 3986 sunt,

217 4011 324 4076 divina
346 4020 379 4076 et
400 4021 511 4075 nostra
532 4011 724 4074 auctoritate
745 4008 944 4088 roboramus,
967 4019 1000 4073 et
1022 4018 1109 4073 ratas
1131 4030 1168 4071 ac
1190 4009 1322 4072 stabiles

217 4134 285 4177 esse
300 4114 520 4191 decernimus3
545 4120 578 4175 et
598 4112 786 4176 infractores
804 4133 926 4190 earum,
942 4111 992 4175 vel
1009 4112 1182 4190 invasores,
1198 4120 1255 4174 aut
1273 4113 1320 4175 di-

216 4216 405 4294 minutores,
421 4224 477 4279 aut
492 4215 694 4299 dispersores,
712 4214 893 4278 venditores
911 4214 1019 4292 etiam,
1034 4221 1157 4277 aeterna
1171 4215 1320 4278 maledic·
1355 4197 1359 4205 ’

217 4318 306 4382 tione
330 4340 404 4382 cum
423 4320 443 4382 J
446 4319 509 4381 uda
529 4316 691 4399 proditore
707 4316 930 4400 dampnamus,
951 4324 989 4379 ut
1008 4338 1074 4380 non
1091 4316 1231 4380 habeant
1248 4340 1320 4401 pst-

217 4428 284 4485 tem
304 4422 338 4485 in
361 4422 456 4485 beata
478 4420 722 4497 resurrectione,
739 4420 793 4483 sed
816 4420 946 4484 abesto
965 4422 1062 4484 Petro
1083 4442 1117 4483 se
1132 4420 1321 4503 judicandos
