3234 5125
298 423 353 476 464
788 419 919 473 WILLS.

295 597 427 681 frigerio
442 599 549 662 anime
558 619 640 664 meae
648 599 683 662 in
693 599 885 684 elemosynis
897 598 1124 682 salmodiisque
1138 617 1176 662 ac
1190 595 1405 661 celebratione

297 699 468 765 missarum
484 703 605 766 faciant
623 703 752 786 qualem
769 701 834 766 illis
849 701 977 766 videtur
994 701 1079 785 qnod
1098 700 1251 784 perficere
1269 698 1404 782 possint.

296 803 410 886 Aeque
436 805 624 870 condicione
649 804 849 889 interposita,
870 805 953 868 hanc
975 804 1159 889 praedictam
1178 801 1318 886 agellum
1347 801 1404 864 do-

295 907 391 985 nabo,
416 915 454 970 nt
479 909 589 971 omnia
612 915 723 972 nostra
744 916 817 971 acta
842 914 875 971 et
895 906 982 972 dicta
1004 928 1024 970 a
1044 906 1138 970 nobis
1159 914 1236 969 ante
1257 903 1406 968 condicta

296 1011 390 1074 lirma
415 1011 651 1095 immutataque
665 1011 896 1096 perpetualiter
914 1018 1068 1074 maneant
1084 1018 1119 1074 et
1135 1029 1261 1092 semper
1280 1006 1321 1071 ad
1338 1028 1405 1070 me-

296 1112 378 1176 liora
405 1113 492 1196 quod
521 1114 562 1177 ad
585 1113 707 1178 bonum
731 1113 919 1178 condictum
944 1112 1116 1177 habuimus
1138 1111 1209 1176 Deo
1231 1109 1406 1174 auxiliante

296 1215 517 1300 unusquisqne
537 1237 707 1300 augescere
729 1215 916 1280 contendat.
960 1217 1099 1299 Insuper
1114 1215 1213 1278 etiam
1231 1213 1321 1276 illam
1337 1220 1403 1276 ter-

295 1339 365 1382 ram
381 1319 468 1402 quod
483 1319 655 1405 Cynehard
670 1319 751 1382 diac.
768 1317 892 1397 habuit,
908 1326 942 1382 et
959 1316 1015 1383 ille
1028 1317 1109 1381 mihi
1124 1317 1267 1394 donavit,
1282 1315 1405 1397 siriquc

294 1422 330 1484 in
350 1423 511 1506 propriam
532 1422 745 1486 hereditatem
763 1443 783 1484 a
801 1421 933 1504 regibus
954 1418 1139 1505 Ecgberhto
1160 1427 1195 1483 et
1215 1416 1405 1482 AEbelnnllo

295 1522 414 1588 donata
435 1524 552 1603 fuerat,
572 1525 634 1589 hoc
654 1531 703 1588 est·
726 1544 841 1588 nxxxv.
865 1530 1012 1609 segetum
1033 1544 1109 1588 cum
1130 1522 1239 1586 libello
1260 1520 1405 1606 ejusdem

296 1625 401 1708 agelli,
426 1627 490 1690 ista
512 1627 666 1710 proediota
690 1626 814 1691 familia
834 1625 870 1689 in
893 1626 1102 1705 Dorovernia,
1120 1633 1193 1709 post
1214 1623 1282 1688 dies
1303 1643 1404 1702 meos,

295 1749 353 1813 pro
377 1740 563 1794 nostrornm
586 1731 753 1796 amborum
777 1730 958 1795 animarum
980 1730 1094 1808 salute,
1118 1727 1255 1807 donabo,
1280 1728 1404 1810 hacque

252 1861 270 1898 a
295 1831 494 1911 condicione,
514 1841 552 1896 nt
569 1854 696 1917 semper
715 1854 844 1917 vespere
864 1832 1089 1916 matutinaque
1106 1839 1260 1916 tempore,
1276 1829 1406 1914 quando

295 1933 411 1998 fratres
430 1933 472 1998 ad
489 1935 654 2000 ecclesiam
674 1935 761 2000 beati
786 1935 876 2000 Petri
900 1935 1037 2019 apostoli
1060 1935 1102 2000 ad
1121 1943 1310 1999 consuetam
1328 1955 1403 1996 can·

295 2036 397 2100 ticum
426 2037 661 2120 ingrediuntur,
692 2059 751 2122 pro
787 2039 1021 2123 supplicatione
1053 2039 1169 2102 animae
1197 2038 1294 2115 illius,
1322 2035 1403 2099 illud

295 2138 494 2203 dominicum
515 2140 694 2204 orationem
719 2141 840 2206 ‘Pater
861 2143 991 2206 noster'
1021 2140 1205 2219 decantent,
1225 2162 1283 2204 sen
1306 2139 1403 2202 etiam

295 2240 387 2303 illum
402 2249 528 2305 curtem
537 2263 634 2326 quem
649 2242 766 2308 Dodda
779 2243 958 2308 monachus
973 2243 1008 2306 in
1023 2243 1220 2308 monasterio
1233 2243 1356 2321 habuit,
1371 2252 1405 2305 et

296 2343 354 2406 sivi
380 2343 416 2405 in
440 2345 603 2428 propriam
632 2346 866 2428 possessionem
889 2346 1057 2429 optinebat
1082 2354 1155 2430 post
1178 2345 1403 2428 migrationem

295 2449 348 2531 sps
363 2446 428 2510 mei
444 2467 481 2510 ae
496 2450 565 2511 solo
583 2469 642 2532 pro
661 2457 846 2514 nostrorum
864 2450 1046 2514 animarum
1066 2450 1181 2528 salute,
1196 2450 1259 2512 hoc
1274 2457 1323 2513 est
1341 2448 1405 2511 mei

295 2549 480 2635 Cynebardi
495 2557 528 2616 et
544 2551 694 2631 Doddan,
709 2552 785 2617 huic
804 2552 915 2617 eadem
931 2553 1062 2618 familiae
1076 2552 1118 2617 ad
1131 2553 1296 2639 proprium
1309 2575 1405 2616 nsum

167 2716 170 2723 ,
295 2653 472 2718 liberaliter
492 2654 692 2740 feliciterque
714 2656 944 2741 perfruendum
965 2658 1118 2736 concedo,
1142 2658 1184 2723 ad
1205 2678 1405 2740 quacumque

296 2755 439 2821 utilitate
454 2758 485 2822 ei
499 2758 666 2841 placuerit,
682 2760 733 2823 vel
747 2780 876 2823 necesse
891 2760 990 2823 fuerit
1004 2780 1063 2823 sua
1076 2760 1206 2843 propria
1219 2759 1304 2824 bona
1317 2748 1411 2822 intus⁴

295 2859 432 2923 condere
455 2860 594 2938 valcant,
618 2860 668 2925 vel
690 2860 729 2925 ad
752 2861 961 2925 refectionem
983 2862 1138 2940 civorum,
1160 2861 1290 2945 quando
1311 2861 1406 2924 alicui

296 2963 499 3045 oportunitas
530 2964 579 3026 vel
611 2964 784 3028 necessitas
817 2966 972 3048 temporis
1007 2964 1197 3049 contigerit3
1228 2986 1286 3031 seu
1308 2965 1407 3029 etiam

296 3064 425 3147 qnando
439 3064 606 3149 presbyter
621 3075 677 3128 ant
693 3066 845 3129 diaconus
854 3067 986 3132 familiae
999 3068 1089 3131 illins
1099 3068 1257 3151 corporali
1271 3068 1405 3130 infirmi·

296 3174 365 3229 tate
389 3174 540 3249 gravatus
563 3168 671 3245 brerit,
691 3188 836 3250 congruo
860 3169 981 3233 honore
1004 3170 1049 3234 ibi
1067 3170 1267 3254 requiescere
1284 3170 1405 3254 possit3

295 3289 353 3351 pro
377 3268 524 3351 hancque
547 3269 665 3333 donate
689 3270 920 3335 commoditate
944 3272 1042 3355 hujus
1068 3272 1153 3336 villae
1177 3272 1274 3335 istam
1301 3294 1406 3335 meam

295 3370 444 3433 devotam
465 3371 620 3434 familiam
641 3372 772 3454 rogabo,
793 3373 879 3455 qnod
900 3374 1012 3437 fideles
1033 3383 1291 3437 remuneratores
1307 3374 1409 3437 inter·

295 3492 497 3556 censoresque
519 3474 700 3537 animarum
720 3482 904 3538 nostrarum
924 3476 1009 3560 apud
1027 3476 1281 3559 omnipotentem
1301 3476 1406 3539 Deum

294 3574 431 3639 existere
453 3575 648 3655 concedatis,
672 3578 733 3643 hoo
752 3578 924 3661 ipsumque
946 3578 1081 3662 posteris
1102 3578 1217 3641 vestris
1238 3578 1407 3645 observare
1521 3572 1527 3579 ’

294 3678 524 3761 perpetualiter
539 3680 714 3764 praecipite.

340 3784 380 3864 »14
397 3783 469 3865 Ego
484 3783 621 3847 Uulfred
637 3784 742 3866 gratia
753 3784 799 3847 Di
814 3784 976 3867 ardcpisc‘.

339 3887 379 3967 »14
396 3886 466 3969 Ego
482 3886 635 3949 Ciolnoth
650 3887 758 3949 divina
773 3886 878 3968 gratia
892 3886 1054 3969 ardepisc.

340 3991 379 4071 »14
396 3990 466 4071 Ego
483 3989 673 4071 Beagmnnd
687 3993 726 4074 p'r‘
740 3991 789 4053 ah.
919 3992 958 4072 »14
975 3992 1048 4073 Ego
1063 3990 1212 4053 Osmund
1228 3994 1274 4073 pr.

340 4093 379 4173 »14
397 4094 468 4173 Ego
484 4090 657 4155 Uuerhard
672 4096 708 4175 p?
723 4093 772 4154 ab.
919 4095 959 4175 »14
976 4095 1048 4175 Ego
1064 4094 1241 4177 Wigmnnd
1256 4098 1303 4177 pi.

339 4198 379 4275 »14
396 4196 467 4277 Ego
483 4194 649 4257 AEbelhun
664 4196 710 4275 pi.
917 4197 956 4277 »14
973 4196 1045 4277 Ego
1060 4195 1217 4259 Badanoll
1231 4196 1314 4257 diac.

340 4297 379 4377 »14
396 4296 467 4377 Ego
482 4294 577 4359 Abba
591 4298 636 4378 pi.
916 4299 955 4379 »14
973 4299 1045 4380 Ego
1061 4294 1230 4361 Heaberht
1245 4297 1327 4361 diac.

340 4399 379 4479 »14
397 4400 470 4481 Ego
486 4400 624 4462 Hunred
638 4401 684 4482 pi.
917 4447 1106 4466 ........
1122 4401 1227 4464 swulf
1241 4401 1322 4464 diac.
