3234 5125
477 443 796 501 MISOELLANEOUS
817 448 1029 502 CHARTERS.
1256 448 1312 502 413

202 613 366 678 felicitate.
415 617 539 700 Siquis
560 639 645 697 vero,
667 620 753 703 quod
770 620 864 698 absit,
888 642 959 684 cam
978 620 1143 683 destruere
1161 619 1309 697 voluerit,

202 717 252 781 vel
269 718 367 803 hujus
387 722 490 782 nostri
506 719 626 786 decreti
643 723 871 802 contradictor,
887 723 1069 800 convulsor,
1085 729 1117 785 et
1136 728 1310 784 temerator

202 821 355 898 extiterit,
382 843 457 886 cum
480 823 566 886 Juda
587 824 750 906 proditore
771 833 893 888 aeterno
915 825 1113 888 anathemati
1135 823 1309 907 subjaceat,

202 923 266 985 nisi
285 925 356 988 Deo
374 930 406 987 et
425 924 519 990 beato
540 947 597 990 suo
618 928 763 1009 apostolo
778 928 875 990 Petro
890 928 988 1010 digna
1005 926 1200 1010 poenitencia
1217 926 1309 989 satis-

202 1026 323 1090 fecerit.
370 1028 418 1090 Ut
433 1049 510 1112 ergo
524 1028 584 1093 hec
600 1029 773 1092 auctoritas
788 1030 909 1093 nostris
928 1037 961 1092 et
977 1029 1095 1092 futuris
1110 1027 1310 1111 temporibus

201 1130 286 1194 circa
299 1130 404 1214 ipsum
425 1140 572 1196 sanctum
588 1132 695 1196 locum
710 1133 896 1216 perenniter
911 1133 1005 1194 firma
1022 1139 1056 1195 et
1072 1130 1227 1195 inviolata
1238 1152 1308 1214 per·

201 1241 341 1312 mancat,
356 1235 405 1297 vel
423 1256 480 1317 per
500 1236 609 1298 omnia
628 1243 774 1318 tempora
792 1235 884 1298 illesa
901 1234 1101 1298 custodiatur
1118 1244 1215 1317 atque
1232 1254 1307 1298 con-

200 1343 352 1414 servetur,
365 1343 397 1398 et
413 1337 453 1400 ab
468 1337 617 1401 omuibus
633 1337 843 1420 optimatibus
857 1338 977 1402 nostris
993 1344 1027 1400 et
1038 1337 1212 1421 judicibus,
1228 1336 1307 1420 pub·

201 1438 272 1500 licis
301 1447 335 1501 et
363 1439 505 1522 privatis,
527 1439 643 1502 melius
670 1447 702 1503 et
728 1441 846 1504 certius
871 1440 1030 1519 credatur,
1053 1462 1169 1502 manus
1197 1448 1308 1503 nostre

201 1540 489 1624 subscriptionibus
509 1541 619 1605 subter
637 1563 708 1605 eam
727 1542 926 1606 decrevimus
945 1542 1107 1621 roborare,
1122 1552 1157 1605 et
1175 1543 1308 1606 idoneos

201 1651 299 1706 testes
316 1651 480 1722 annotare,
497 1651 594 1727 atque
610 1644 715 1725 sigillo
729 1652 842 1709 nostro
854 1645 1011 1728 jussimus
1025 1646 1175 1728 sigillare.

246 1747 285 1826 »14
302 1745 373 1828 Ego
398 1745 582 1822 Edwardus,
610 1745 672 1809 Dei
693 1745 797 1828 gratia
825 1746 1008 1829 Anglorum
1029 1767 1096 1825 rex,
1119 1746 1181 1810 hoc
1210 1746 1305 1830 privi-

201 1848 321 1931 legium
332 1849 416 1933 jussi
435 1869 636 1932 componere,
652 1855 685 1913 et
700 1850 913 1933 compositum
930 1871 1003 1913 curn
1018 1849 1111 1932 signo
1128 1849 1306 1913 Dominicoe

201 1953 303 2016 crucis
319 1952 540 2042 confirmando
560 1952 717 2036 impressi.
765 1955 804 2034 »14
822 1955 893 2037 Ego
908 1954 1067 2038 Eadgy'da
1081 1953 1202 2036 regina,
1218 1953 1307 2017 omni

202 2055 366 2119 alacritate
383 2055 510 2134 mentis,
520 2056 581 2119 hoc
593 2055 805 2120 corroboravi.
853 2059 892 2138 »14
906 2059 978 2140 Ego
990 2058 1177 2141 stigandus,
1189 2065 1308 2121 sanctae

201 2149 391 2243 metropolis*
424 2157 575 2222 aecclesise
612 2157 856 2222 cantuariensis
893 2160 1069 2243 episcopus,
1108 2159 1306 2224 confirmavi.

203 2264 242 2343 »14
259 2264 330 2345 Ego
347 2261 536 2339 Ealdredus,
553 2261 807 2344 archiepiscopus
823 2261 1035 2326 Eboracensis
1052 2262 1215 2340 aecclesias,
1232 2283 1307 2326 con-

200 2365 333 2449 signavi.
369 2367 408 2446 »14
422 2366 493 2446 Ego
502 2363 709 2442 Willielmus,
720 2364 888 2448 episcopus
901 2364 1306 2442 Londoniensisaecclesiae‚

202 2469 241 2531 ad
257 2469 365 2532 omnia
385 2466 600 2550 suprascripta
614 2467 819 2531 consentiens
834 2466 1016 2549 subscripsi.
1063 2468 1102 2547 »14
1116 2468 1187 2548 Ego
1203 2467 1306 2530 Here·

201 2592 337 2634 mannus
366 2570 532 2653 episcopus
560 2570 707 2634 consensi
736 2578 768 2633 et
798 2570 982 2653 subscripsi.
1066 2565 1194 2652 ›14Ego
1223 2568 1307 2632 Wlf-

200 2673 302 2736 winus
331 2673 496 2756 episcopus
523 2673 670 2736 consensi
693 2681 726 2736 et
753 2671 935 2755 subscripsi.
991 2674 1030 2753 »14
1047 2671 1119 2754 Ego
1141 2670 1307 2735 Walterus

200 2776 366 2859 episcopus
382 2775 527 2863 consensi
544 2782 576 2838 et
591 2774 775 2858 subscripsi.
824 2776 945 2857 »14Εςο
957 2772 1124 2838 Leofricus
1138 2764 1307 2858 episcopus

200 2878 346 2941 consensi
367 2886 400 2942 et
423 2876 607 2961 subscripsi.
661 2880 788 2959 »14141ςο
812 2877 892 2941 Giso
910 2877 1080 2960 episcopus
1103 2878 1250 2941 consensi
1274 2886 1307 2942 et

200 2981 381 3065 subscripsi.
447 2983 486 3062 »14
503 2982 574 3063 Ego
600 2980 767 3043 Wlstanus
797 2980 965 3064 episcopus
994 2981 1140 3044 consensi
1169 2990 1202 3044 et
1231 2981 1306 3045 sub·

201 3084 321 3167 scripsi.
367 3087 406 3166 »14
423 3084 494 3167 Ego
518 3083 679 3147 Sinardus
701 3084 869 3167 episcopus
890 3083 1040 3147 consensi
1065 3091 1098 3147 et
1120 3084 1304 3167 subscripsi.

201 3191 240 3270 »14
258 3190 328 3271 Ego
344 3186 520 3252 Godwinus
535 3186 701 3270 episcopus
716 3186 865 3251 consensi
879 3194 912 3250 et
927 3186 1111 3270 subscripsi.
1177 3189 1216 3268 »14
1234 3189 1305 3270 Ego

200 3291 362 3375 AEgelsius
385 3290 483 3353 abbas
509 3291 656 3354 consensi
682 3298 715 3355 et
739 3290 922 3373 subscripsi.
981 3294 1020 3371 »14
1037 3280 1118 3372 Ego
1132 3291 1306 3354 Eadwiuus

199 3395 296 3458 abbas
308 3392 453 3458 consensi
463 3402 496 3456 et
504 3392 686 3477 subscripsi.
733 3394 855 3476 ›1⁴Ego
866 3394 1040 3476 AEgelwius
1050 3392 1148 3457 abbas
1159 3392 1306 3457 consensi

200 3506 232 3562 et
246 3496 430 3580 subscripsi.
478 3499 517 3576 »14
533 3495 604 3579 Ego
615 3495 781 3559 Leoiricus
796 3495 894 3559 abbas
910 3496 1057 3559 consensi
1072 3504 1106 3559 et
1121 3496 1303 3579 subscripsi.

201 3606 240 3683 »14
257 3603 328 3685 Ego
350 3599 555 3665 Baldewinus
584 3598 681 3662 abbas
704 3599 852 3663 consensi
875 3606 908 3662 et
934 3598 1117 3681 subscripsi.
1178 3602 1217 3681 »14
1234 3600 1305 3682 Ego

199 3703 389 3767 Wlfwoldus
404 3701 502 3765 abbas
518 3701 664 3763 consensi
672 3690 713 3764 ‘et
728 3700 912 3783 subscripsi.
960 3702 999 3781 »14
1012 3702 1083 3783 Ego
1094 3700 1305 3764 Eadmundus

199 3808 306 3871 abbas.
354 3808 393 3887 »14
411 3806 482 3887 Ego
498 3802 696 3867 Reinbaldus
716 3804 800 3884 regis
819 3802 1028 3867 cancellarius
1045 3804 1146 3885 relegi
1163 3812 1196 3866 et
1216 3803 1305 3886 sigil-

198 3909 269 3972 lavi.
328 3912 367 3989 »14
385 3909 456 3989 Ego
478 3900 644 3971 Osbernus
666 3906 750 3989 regis
780 3906 973 3989 capellanus.
1035 3908 1074 3987 »14
1091 3907 1162 3988 Ego
1188 3906 1305 3969 Petrus

200 4013 282 4095 regis
292 4010 483 4094 capellanus.
523 4011 645 4091 »14Εςο
656 4008 839 4073 Rodbertus
851 4009 935 4093 regis
947 4009 1140 4092 capellanus.
1179 4012 1219 4089 »14
1232 4010 1304 4090 Ego

201 4114 365 4180 Haroldus
391 4114 466 4176 dux.
527 4116 567 4193 »14
584 4114 656 4196 Ego
685 4112 859 4176 Eadwinus
888 4134 1004 4176 comes.
1061 4112 1101 4193 »14
1117 4112 1189 4194 Ego
1219 4112 1303 4175 Giro

198 4239 315 4283 comes.
363 4221 402 4298 »14
416 4218 486 4298 Ego
499 4215 682 4279 Leolwinus
697 4236 812 4280 comes.
860 4216 983 4298 ›1⁴Ego
998 4215 1171 4278 Markerus
1186 4235 1302 4279 comes.

200 4326 239 4405 »14
256 4324 327 4406 Ego
337 4322 479 4402 Esgarus
494 4319 650 4382 minister.
691 4319 967 4402 ›1⁴EgoBondius
981 4318 1137 4382 minister.
1182 4319 1303 4402 ›1⁴Ego

199 4424 388 4508 Radulphus
404 4422 560 4485 minister.
619 4426 659 4503 »14
676 4423 746 4503 Ego
764 4421 947 4485 Rodbertus
962 4421 1119 4485 minister.
1175 4425 1214 4504 »14
1231 4423 1303 4506 Ego
