3234 5125
290 419 344 474 398
565 419 887 476 hIISOELLANEOUS
906 417 1121 472 CHARTERS.

224 581 228 590 ’
294 592 333 671 ›1‹
349 591 420 673 Ego
434 589 567 674 AElphig
589 591 745 674 princeps.
810 589 882 654 Hcc
905 609 966 673 ego
988 587 1163 671 subscripsi
1182 587 1315 667 Swidar,
1333 586 1395 650 sub

292 693 422 757 nomine
437 693 559 758 Christi
574 697 625 775 ᾖ.
1510 693 1517 700 ’

424 1165 548 1220 sKING
567 1165 767 1220 EADWARD
785 1167 863 1220 THE
881 1165 1108 1220 CONFFSSOR.
1143 1164 1269 1218 M.LXV.

337 1311 378 1390 ›1‹
395 1310 436 1373 In
456 1311 586 1374 nomine
606 1317 724 1374 sanctae
742 1318 777 1374 et
793 1309 967 1374 individuas
981 1307 1161 1374 Trinitatis.
1206 1303 1391 1381 Edwardus,

293 1409 401 1474 divina
414 1413 518 1495 gratia
531 1413 698 1496 largiente,
713 1413 895 1496 Anglorum
908 1433 974 1476 rex.
1020 1411 1132 1478 Quum
1145 1408 1288 1492 religiosi
1302 1416 1392 1470 ante·

292 1533 430 1579 cessores
444 1515 546 1578 nostri
561 1515 754 1598 dignitatem
771 1515 989 1579 aecclesiarum
1003 1513 1214 1578 clarissimam
1227 1509 1392 1574 interdum

292 1615 360 1680 fore
391 1625 616 1700 perspexerrmt
647 1625 851 1681 terrenarum
881 1616 1046 1700 opulentia
1073 1635 1194 1692 rernm,
1222 1619 1292 1674 tam
1320 1629 1391 1692 quas

293 1719 497 1782 authoritatis
511 1718 609 1782 robur
622 1718 742 1782 habere
755 1727 878 1801 quanta
891 1717 1084 1782 halciebatur
1094 1716 1186 1799 copia
1195 1714 1391 1789 divitiarum,

293 1819 389 1901 digne
403 1819 594 1884 tenuitatem
609 1821 867 1885 aecclesiasticam
880 1821 970 1903 larga
986 1819 1181 1903 amplificare
1198 1816 1392 1880 studuerunt

292 1940 400 2000 manu,
424 1931 493 1986 tem
516 1923 552 1985 in
580 1923 779 2005 possessione
801 1921 998 2006 praediorum
1019 1943 1117 2005 quam
1138 1918 1264 1984 caeteris
1286 1915 1390 1980 reddi-

292 2021 379 2086 tibus
394 2023 546 2105 legalium
561 2024 841 2088 constitutionum.
878 2024 1011 2088 Etenim
1024 2043 1110 2101 vero,
1120 2043 1195 2086 cnm
1208 2019 1270 2103 ipsi
1283 2017 1393 2082 fideles

292 2125 348 2206 qui
367 2147 477 2189 sumus
495 2126 531 2188 in
545 2126 676 2190 Christo
695 2126 735 2190 ab
755 2125 900 2208 apostolo
913 2145 1066 2190 vocemur
1083 2131 1116 2187 ct
1133 2123 1234 2186 simus
1250 2119 1393 2185 aecclesia

293 2246 389 2309 quam
407 2247 504 2310 prope
520 2249 618 2309 quam
636 2247 808 2291 numerosa
827 2227 1038 2291 multitudine
1058 2225 1205 2309 gentium
1219 2225 1253 2286 in
1267 2223 1392 2286 unitate

292 2329 432 2411 corporis
458 2329 507 2391 sui
530 2328 569 2392 ad
595 2329 772 2393 aecclesiem
795 2329 859 2392 Dei
879 2350 1113 2412 nuncupamus,
1130 2349 1189 2390 sua
1206 2325 1391 2390 Christiana

293 2431 488 2494 consecravit
502 2431 606 2514 gratia
619 2430 799 2495 videbimur
815 2431 990 2495 adulterini
1007 2437 1040 2494 et
1057 2450 1124 2494 non
1141 2429 1211 2506 filii,
1226 2428 1254 2490 si
1270 2427 1306 2490 in
1322 2427 1392 2510 ejus

292 2553 357 2596 non
380 2532 504 2597 sedules
526 2553 586 2596 nos
609 2553 675 2597 non
697 2533 938 2598 exhibuerimus
960 2530 1124 2596 dilatanda
1145 2530 1257 2614 gloria.
1304 2528 1391 2595 Qua-

155 2708 158 2715 ,
291 2642 422 2718 propter
440 2655 500 2717 ego
515 2634 702 2713 Edwardns,
718 2636 841 2699 Christi
863 2635 982 2719 pictate
1002 2654 1061 2725 rea
1073 2633 1265 2715 Anglorum,
1281 2630 1392 2694 dolens

291 2737 473 2801 Eboracum
493 2737 695 2819 metropolim
717 2745 830 2801 nostro
850 2746 995 2821 tempore
1013 2736 1146 2820 dejecta,
1166 2734 1208 2798 ad
1224 2734 1396 2816 antiquam

291 2838 514 2902 celsitudinem
537 2859 601 2921 qua
621 2838 864 2918 illustrabatur;
894 2861 914 2902 a
935 2839 996 2922 piis
1017 2838 1147 2920 regibus
1168 2837 1288 2901 nostris
1310 2856 1390 2920 prae-

291 2941 519 3019 decessoribus,
533 2940 568 3003 in
582 2940 756 3023 pristinum
771 2942 903 3025 cupiens
916 2962 1063 3024 reparare
1078 2940 1244 3023 dignitatis
1258 2948 1390 3017 statum,

291 3050 400 3106 nostro
422 3041 508 3105 fideli
526 3040 656 3106 domino
679 3043 914 3127 archiepiscopo
935 3043 1079 3125 ejusdem
1098 3042 1250 3106 oecclesiae
1271 3048 1389 3105 metm-

291 3145 442 3228 politanae
453 3143 611 3208 Eduardo
626 3146 725 3227 regali
740 3145 881 3225 domino,
897 3146 981 3209 dono
1000 3153 1112 3209 nostro
1134 3144 1328 3210 contulimus
1350 3144 1392 3208 ad

290 3246 453 3328 integrum
469 3244 620 3328 quicquid
636 3266 655 3309 a
668 3245 722 3329 pio
737 3254 828 3328 patra
841 3255 952 3310 nostro
966 3245 1109 3310 Aldredo
1120 3246 1301 3329 Anglorum
1315 3266 1392 3327 rege

290 3348 359 3430 ejus
386 3348 578 3411 antecessori
604 3347 763 3426 Oswaldo,
789 3348 951 3430 praedictae
973 3348 1058 3411 sedis
1078 3348 1233 3432 pontifici,
1255 3355 1304 3411 est
1326 3346 1391 3410 col-

290 3448 411 3525 latum,
442 3456 476 3511 et
502 3454 575 3531 post
604 3470 678 3511 cum
706 3450 821 3515 Romae
844 3458 969 3534 peteret
994 3450 1127 3533 pallium
1150 3471 1170 3512 a
1191 3449 1288 3513 beato
1309 3470 1392 3532 papa

290 3549 453 3627 Eormoso,
465 3570 522 3631 per
536 3549 693 3631 privilegii
711 3550 957 3634 descriptionem
974 3551 1004 3614 ei
1023 3558 1073 3614 cst
1087 3551 1243 3614 traditum
1257 3549 1389 3627 donum,

291 3650 423 3728 scilicet,
440 3650 650 3714 Wiricestriae
676 3651 887 3735 episcopatus,
916 3674 972 3735 per
1000 3661 1148 3717 nostrum
1176 3660 1286 3715 tamen
1313 3673 1389 3715 con-

289 3750 398 3813 silium
424 3749 659 3833 deponendum,
673 3753 709 3814 in
732 3752 1020 3836 archiepiscopatus
1042 3753 1200 3836 dignitate
1221 3753 1389 3817 exaltanda

289 3852 547 3935 supplementum
562 3853 727 3933 vicarium,
744 3855 831 3936 quod
852 3855 951 3919 etiam
970 3855 1056 3918 idem
1071 3854 1250 3933 Oswaldus,
1266 3863 1300 3919 et
1316 3865 1390 3938 post

289 3976 363 4019 eum
375 3954 545 4039 Adulphus
559 3962 593 4018 ct
602 3955 770 4018 Wlstanus
786 3956 1026 4039 archipraesules
1037 3957 1126 4039 regio
1137 3977 1270 4020 munere
1281 3956 1389 4040 adepti

289 4064 365 4119 sunt
385 4063 418 4119 et
431 4064 605 4121 tenuerunt
623 4056 769 4139 quietum
786 4066 820 4122 et
839 4057 986 4137 solidum,
1007 4059 1108 4122 donec
1125 4059 1245 4141 Anglia
1261 4059 1390 4143 dirupta

289 4166 338 4221 est
352 4164 385 4221 et
400 4158 531 4223 discissa
545 4159 709 4224 invasione
725 4160 905 4238 Danorum,
915 4170 948 4223 et
963 4182 1038 4224 cum
1052 4161 1176 4225 crateris
1191 4161 1388 4224 ornamentis

289 4259 504 4324 aecclesiarum
528 4262 690 4344 praedictae
720 4264 869 4341 mutatis,
892 4263 973 4326 illud
1001 4285 1092 4348 papae
1122 4264 1267 4327 Formosi
1289 4264 1386 4347 privi-

288 4361 409 4443 legium
423 4373 549 4427 constat
560 4384 629 4427 esse
638 4365 816 4430 incensum.
863 4366 928 4428 Hic
943 4374 1052 4429 autem
1062 4365 1268 4429 charissimus
1278 4373 1388 4429 noster
