3234 5125
487 459 808 517 MISGELLANEOUS
826 461 1040 518 CHARTERS.
1262 463 1314 518 451

210 629 334 694 domini
355 631 418 710 sui,
434 653 506 697 eam
525 640 575 696 tot
589 632 716 697 damnis
731 642 764 698 et
779 635 906 718 placitis
920 635 1087 719 pejoravit,
1103 642 1141 699 nt
1155 635 1222 698 fere
1241 655 1313 697 eam

209 733 332 798 colonis
346 735 546 800 destitueret.
593 737 682 802 Hinc
702 737 787 800 sacto
805 738 935 822 placito,
952 738 1100 823 precibus
1115 737 1239 802 domini
1253 737 1313 816 sui,

209 835 345 918 predicti
360 837 498 918 comitis,
504 839 728 922 AEgeluuinus,
740 840 829 924 prior
837 841 930 904 istius
939 840 1136 920 monasterii,
1150 840 1180 904 ei
1193 847 1312 904 terram

209 938 313 1022 ipsam
331 943 487 1006 concessit
501 942 727 1025 possidendam
742 943 818 1008 vitoe
840 965 907 1008 suae
924 944 1039 1028 spatio,
1055 965 1093 1008 ea
1106 951 1217 1007 tamen
1235 964 1312 1007 con·

208 1041 369 1122 ventione,
385 1051 424 1108 ut
436 1065 495 1127 pro
515 1065 554 1108 ea
574 1044 643 1128 ipse
663 1045 703 1108 ad
718 1046 954 1129 expeditionem
969 1055 1056 1111 terra
1069 1047 1213 1130 marique
1229 1047 1313 1130 (quae

208 1150 288 1208 tunc
303 1146 414 1209 crebro
429 1146 594 1230 agebatur)
614 1149 811 1212 monasterio
829 1149 972 1228 serviret,
987 1149 1186 1234 pecuniaque
1207 1150 1312 1233 placa·

210 1246 277 1326 bili,
292 1248 358 1313 sive
380 1249 514 1329 caballo,
536 1250 644 1334 ipsum
668 1251 807 1334 priorem
831 1273 1024 1337 unoquoque
1049 1275 1136 1317 anno
1157 1273 1311 1336 recogno·

209 1359 322 1416 sceret.

562 1687 613 1740 DE
631 1686 962 1742 STAEFFORDSOIRE

252 1829 341 1893 Villa
364 1851 434 1913 quae
456 1831 574 1896 dicitur
590 1831 776 1910 Suuinford,
792 1832 856 1895 sita
873 1831 908 1895 in
930 1831 1172 1912 Staeffordscire,
1187 1840 1222 1897 et
1241 1833 1312 1897 aliae

208 1931 302 2010 villae,
318 1933 387 1997 sitae
402 1932 436 1996 in
446 1933 804 2018 Uuigereceastrescire,
818 1957 890 2019 quoe
905 1933 952 1999 ita
966 1935 1186 2016 nominantur,
1205 1936 1311 2015 Clent,

209 2041 242 2096 et
257 2034 489 2119 Terdebiggan,
506 2037 613 2121 adjus
633 2037 822 2101 monasterii
836 2037 999 2121 quondam
1013 2038 1174 2122 pertinere
1189 2037 1312 2103 domini

209 2137 351 2202 Wlstani
373 2138 513 2223 episcopi
537 2138 709 2203 didicimus
735 2140 902 2218 relatione,
930 2139 985 2224 qui
1010 2140 1084 2223 pius
1115 2148 1207 2224 pater
1232 2162 1312 2223 quo·

209 2239 305 2303 modo
329 2239 511 2324 adquisitae,
536 2247 569 2304 et
598 2241 760 2325 quomodo
790 2243 909 2305 iterum
938 2242 1054 2307 ablatae
1083 2243 1225 2322 fuerumt,
1249 2243 1312 2308 hoc

207 2342 304 2406 modo
319 2342 424 2426 sepius
439 2364 569 2407 narrare
584 2344 718 2408 solebat.
773 2344 866 2409 Dixit
881 2343 967 2407 enim
979 2345 1140 2427 quendam
1154 2345 1311 2410 decanum

207 2444 270 2509 loci
294 2445 388 2508 istius
412 2445 583 2523 exstitisse,
608 2445 790 2529 AEgelsium
819 2447 961 2526 nomine,
986 2446 1128 2510 nobilem
1158 2447 1249 2512 valde
1278 2456 1312 2512 et

209 2547 408 2631 prudentem,
418 2555 487 2611 tam
502 2547 537 2612 in
551 2549 737 2613 monasticis
750 2572 847 2633 quam
862 2549 897 2613 in
912 2549 1107 2614 secularibus
1119 2549 1310 2629 actionibus,

207 2650 243 2713 in
265 2658 393 2714 tantum
410 2659 449 2715 ut
463 2652 562 2716 etiam
586 2652 671 2715 inter
686 2652 884 2716 consiliarios
905 2652 990 2735 regis
1014 2662 1310 2730 connumeraretur,

207 2760 240 2817 et
255 2762 339 2819 esset
353 2754 438 2818 inter
452 2775 506 2817 eos
527 2753 604 2817 satis
627 2753 860 2838 conspicabilis.
907 2754 996 2818 Hinc
1013 2754 1135 2827 factum
1150 2762 1208 2834 est,
1224 2754 1311 2817 utin

207 2856 327 2920 divitiis
349 2865 382 2920 et
402 2858 611 2941 pecuniarum
631 2857 831 2921 abundantia
853 2856 1008 2941 plurimos
1033 2857 1165 2940 majoris
1189 2856 1311 2920 ordinis

206 2958 401 3042 precelleret.
447 2960 544 3023 Unde
565 2968 598 3024 et
622 2960 663 3023 ab
685 2960 755 3043 ipso
776 2980 853 3043 rege
875 2958 1053 3024 Athelredo
1074 2959 1133 3023 has
1153 2960 1311 3044 predictas

207 3061 299 3125 villas
322 3062 402 3127 emit
427 3084 476 3127 cc.
500 3062 592 3127 libris
615 3063 740 3147 argenti
765 3062 875 3146 injus
900 3069 1092 3146 perpetuum
1114 3062 1310 3142 monasterii,

206 3165 336 3248 ipseque
360 3164 465 3249 quoad
488 3165 569 3228 vixit
592 3172 736 3248 tempore
766 3185 820 3228 eas
846 3165 996 3247 possedit.
1042 3166 1177 3230 Mortuo
1203 3174 1312 3230 autem

206 3288 281 3351 rege
296 3266 484 3346 Athelredo,
501 3267 586 3331 facta
600 3275 649 3331 est
673 3288 791 3351 magna
815 3266 958 3331 turbatio
976 3267 1099 3351 patriae,
1115 3268 1313 3332 certantibus

207 3371 247 3433 de
261 3392 361 3453 regno
376 3370 569 3434 Eadmundo
584 3369 651 3433 filio
666 3370 746 3454 ejus,
762 3377 795 3433 et
811 3371 899 3434 Cnut
917 3390 991 3453 rege
1012 3370 1191 3435 Danorum.
1236 3370 1311 3435 Ma·

206 3481 304 3538 nente
327 3494 401 3537 vero
424 3472 527 3555 regni,
551 3480 589 3536 ut
605 3472 675 3556 jam
698 3471 774 3551 dini,
796 3471 940 3550 dismdio,
966 3471 1137 3537 defunctus
1166 3480 1215 3537 est
1243 3472 1312 3556 ipse

206 3574 392 3658 AEgelsinns
414 3575 562 3640 deosum.
610 3576 684 3642 Quo
708 3582 847 3654 mortuo,
869 3574 1000 3657 quidam
1024 3575 1185 3659 malignus
1203 3575 1312 3655 homo,

206 3678 302 3763 AEyic
316 3677 457 3757 nomine,
474 3678 529 3761 qui
553 3677 616 3741 fuit
636 3678 813 3742 vicecomes
832 3677 868 3740 in
892 3675 1124 3742 staffordscire
1146 3678 1210 3742 illis
1230 3686 1311 3742 tem-

206 3780 348 3863 poribus,
363 3781 491 3845 easdem
509 3780 602 3844 villas
622 3780 750 3859 invasit,
767 3788 800 3843 et
815 3780 890 3863 quia
911 3802 978 3844 non
998 3788 1067 3845 erat
1083 3780 1139 3865 qui
1150 3780 1311 3865 justitiam

206 3890 325 3947 sanctae
353 3883 497 3947 ecclesiae
523 3883 651 3962 faceret,
671 3904 772 3965 regno
794 3883 919 3965 utique,
934 3890 973 3946 ut
997 3883 1147 3965 sepedixi,
1171 3880 1311 3961 turbato,

205 4005 265 4048 nec
280 3984 385 4049 adhuc
400 3985 460 4050 sub
476 4007 542 4049 uno
557 4006 633 4069 rege
648 3984 802 4063 stabilito,
819 4008 838 4047 a
858 3983 1057 4069 possessione
1071 3984 1169 4068 hujus
1184 4004 1311 4054 monas·

206 4088 280 4152 terii
294 4089 362 4172 ipse
378 4088 441 4153 Dei
463 4089 615 4151 inimicus
635 4110 688 4151 eas
702 4088 794 4151 villas
814 4088 975 4151 alienavit.
1021 4086 1119 4151 Unde
1133 4085 1196 4149 huc
1210 4107 1312 4168 usque

205 4190 266 4253 sub
289 4213 388 4254 manu
410 4191 607 4255 vicecomitis
633 4191 673 4254 de
699 4190 931 4254 Staeffordscire
957 4197 1034 4253 suut
1057 4207 1168 4253 omnes
1193 4189 1312 4255 eaedem

205 4293 298 4371 villae,
315 4292 391 4356 licet
407 4293 555 4377 quasdam
571 4292 605 4354 in
621 4292 681 4356 hac
697 4292 924 4356 vicecomitatu
939 4294 1004 4355 sint
1020 4292 1100 4355 sitae.

1045 4538 1138 4600 202
