3234 5125
466 442 786 499 MISCELLANEOUS
806 446 1022 501 CHARTERS.
1260 448 1295 501 31

188 634 310 695 earum,
332 616 414 681 mihi
436 623 469 681 et
491 616 744 681 antecessoribus
766 618 848 681 meis
865 618 940 702 jure
962 620 1090 704 publico
1107 620 1143 682 iu
1163 619 1295 684 Lundo-

185 717 293 781 niensi
320 726 418 803 portu
441 718 529 803 prius
551 726 788 803 conpetentem,
813 722 1085 804 quemadmodum
1109 730 1295 787 mansuetu-

186 819 296 885 dinem
318 828 463 885 nostram
484 830 645 905 rogarent.
693 822 766 887 Que
789 824 953 888 concessio
974 832 1072 909 atque
1093 824 1234 903 donatio,
1257 832 1296 886 nt

187 922 224 987 in
243 930 434 1009 perpetuum
452 925 546 988 firma
565 931 598 989 et
617 924 741 989 stabilis
761 926 815 1003 sit,
832 925 879 989 ita
897 934 935 991 ut
953 927 1062 991 nullus
1079 948 1150 991 eam
1170 946 1294 1009 regum,

188 1026 239 1091 vel
260 1027 465 1111 optimatum,
484 1028 535 1091 vel
555 1026 838 1106 theloneariorum,
856 1029 907 1093 vel
925 1028 1023 1092 ctiam
1038 1029 1205 1113 juniorum
1223 1028 1293 1113 qni-

187 1128 268 1193 libet
289 1127 443 1214 ipsorum,
455 1129 489 1193 in
511 1136 603 1213 purte
625 1138 681 1194 aut
703 1130 738 1192 in
759 1138 841 1210 toto,
863 1129 899 1194 in
920 1131 1050 1195 irritum
1072 1139 1236 1216 presumat
1256 1140 1295 1194 ut

187 1230 289 1314 possit
311 1230 477 1310 adducere,
500 1253 600 1295 mauu
620 1232 750 1317 propria
771 1232 902 1316 signum
924 1241 1035 1297 sancte
1057 1234 1161 1297 crucis
1182 1233 1294 1297 subter

188 1333 223 1396 in
246 1334 306 1399 bac
327 1334 444 1418 pagina
462 1333 587 1413 faciam,
603 1342 764 1420 testesque
788 1343 827 1399 ut
845 1334 1049 1399 subscribant
1067 1343 1195 1420 petsm3
1219 1357 1292 1419 pro-

187 1435 340 1501 culdubic
368 1457 498 1520 sperans
521 1436 597 1519 quia
622 1436 706 1502 siout
730 1458 790 1520 ego
815 1438 901 1521 qnod
922 1447 1135 1522 poposcemnt
1156 1439 1294 1503 libenter

187 1538 340 1617 oonoessi,
370 1538 415 1603 sic
440 1538 495 1602 ille
524 1538 611 1623 quod
639 1539 856 1623 promiserimt
877 1561 954 1624 erga
978 1542 1139 1606 orationes
1160 1562 1219 1625 pro
1240 1562 1293 1605 me

186 1640 308 1705 ibidem
330 1640 545 1720 celebrandas,
566 1640 746 1726 implebunt
767 1642 914 1707 fideliter.
960 1643 1116 1727 Quisquis
1136 1644 1237 1727 igitur
1258 1642 1293 1706 id

187 1744 274 1829 qnod
298 1744 352 1828 pio
377 1744 486 1808 animo
508 1743 634 1823 donavi,
657 1744 704 1807 ita
726 1752 763 1808 ut
785 1744 941 1809 donatum
963 1753 1013 1809 est
1033 1746 1197 1811 illibatum
1219 1766 1290 1829 per-

186 1866 318 1911 manere
339 1846 528 1930 permiserit,
552 1846 669 1911 habeat
691 1847 951 1912 communionem
972 1848 1101 1912 beatam
1123 1868 1197 1912 cnm
1219 1868 1291 1932 pre·

187 1956 279 2015 sente
299 1948 420 2013 Christi
449 1948 582 2013 ecclesia
611 1956 707 2033 atque
735 1950 856 2015 lutino.
903 1950 1058 2034 Quisquis
1087 1959 1195 2015 autem
1224 1972 1291 2015 non

186 2050 378 2135 permiserit,
401 2060 565 2135 separetur
588 2052 780 2117 asocietate
800 2074 868 2117 nou
889 2054 994 2117 solum
1017 2062 1202 2117 sanctorum
1230 2054 1289 2117 bo·

187 2154 324 2232 minum,
339 2154 395 2218 sed
416 2154 515 2219 etiam
535 2154 732 2238 angelorum,
747 2164 899 2219 manente
913 2155 974 2220 hac
988 2155 1161 2220 donatione
1180 2164 1291 2220 nostra

187 2258 222 2320 in
246 2278 304 2321 sua
322 2256 475 2321 firmitate
494 2278 602 2322 coram
624 2258 779 2322 universis
794 2258 850 2341 qui
867 2265 956 2321 recta
970 2257 1110 2341 diligunt
1130 2266 1163 2322 et
1182 2266 1288 2322 custo-

187 2359 292 2424 diunt.
337 2362 458 2423 Actirm
478 2368 527 2424 est
545 2360 597 2425 die
614 2368 729 2445 quarto
749 2359 958 2425 kalendarum
977 2359 1182 2438 Novembris,
1203 2378 1290 2424 anuo

188 2475 280 2528 xxx1⁰
296 2462 389 2546 regni
408 2462 482 2543 mei,
506 2462 688 2527 Indictione
709 2475 764 2527 ιιι
783 2464 820 2525 in
842 2462 914 2527 loco
934 2462 989 2546 qui
1011 2462 1130 2526 dicitur
1151 2462 1288 2526 Willan·

188 2566 293 2631 balcln

232 2673 272 2751 ›1‹
288 2669 359 2752 Ego
374 2668 553 2734 AEdbaldus
567 2689 623 2732 rex
640 2668 838 2732 Marciorum
856 2669 939 2731 banc
960 2667 1165 2732 donationem
1182 2689 1287 2733 meam

187 2770 311 2834 firmari
334 2779 367 2835 et
390 2770 561 2854 subscripsi
587 2791 686 2834 mauu
706 2791 788 2834 mea.
835 2774 875 2852 ›1‹
893 2770 1030 2853 Signum
1054 2792 1169 2834 manus
1184 2771 1287 2835 Wori.

186 2877 227 2956 ›1‹
239 2873 376 2956 Signum
385 2895 500 2937 manus
510 2874 639 2938 Cotton.
671 2877 711 2955 ›1‹
724 2872 862 2956 Signum
876 2893 991 2936 manus
1000 2872 1132 2936 Ciurioi.
1163 2874 1287 2956 ›1‹Sig-

185 2998 266 3040 num
275 2997 390 3040 munns
398 2975 551 3039 Wilfridi.
598 2975 786 3058 ›1⁴Siguum
796 2974 1051 3039 manusIrullau.
1098 2976 1138 3057 ›1‹
1151 2975 1286 3058 Signum

186 3078 353 3144 Cuthredi.
400 3080 439 3161 ›1‹
456 3079 593 3161 Signum
608 3099 722 3142 manus
737 3077 843 3142 Oban.

255 3558 353 3614 KING
370 3556 615 3612 AETHELBALD
631 3555 680 3608 OF
697 3554 856 3610 MERGIA.
893 3553 981 3608 MAY
998 3543 1216 3610 Dcchvm.

230 3707 271 3770 Iu
297 3704 427 3769 nomine
449 3703 583 3768 Domini
602 3701 777 3766 Salvatoris
799 3700 913 3766 nostri.
959 3701 1100 3766 Omnem
1122 3701 1285 3765 bominem

184 3807 240 3890 qni
266 3807 441 3872 secundnm
466 3808 574 3872 Deum
598 3804 686 3882 vivit,
713 3811 746 3867 ct
767 3805 965 3868 remunerari
990 3825 1010 3868 a
1031 3804 1103 3868 Deo
1124 3811 1230 3890 sperat
1251 3809 1286 3866 et

183 3917 284 3994 optat,
300 3915 426 3993 oportet
448 3916 486 3972 ut
508 3907 569 3992 piis
591 3907 739 3991 precibus
761 3927 926 3970 assensum
949 3927 989 3970 ex
1011 3907 1119 3970 animo
1140 3904 1286 3990 hilariter

183 4011 325 4095 prebeat,
349 4011 510 4096 quomodo
535 4018 661 4074 certum
690 4015 738 4073 est
760 4015 854 4073 tanto
874 4008 1000 4074 facilius
1021 4031 1059 4074 ea
1080 4029 1152 4093 qum
1175 4007 1244 4090 ipse
1266 4028 1285 4070 a

184 4116 255 4180 Deo
269 4114 449 4199 poposcerit
458 4112 609 4196 consequi
622 4133 725 4196 posse,
742 4118 864 4195 quanto
878 4119 912 4176 et
926 4111 994 4196 ipse
1009 4110 1166 4176 libencius
1179 4109 1283 4173 homi·

183 4217 279 4281 nibus
301 4225 388 4282 recte
410 4217 572 4301 postulata
593 4214 784 4279 concesserit
794 4239 803 4294 ;
828 4214 915 4298 quod
936 4221 1014 4278 tunc
1035 4213 1193 4286 bonorum
1215 4231 1284 4275 om·

183 4321 276 4384 nium
299 4319 446 4402 largitori
474 4319 544 4382 Deo
567 4317 760 4402 acceptabile
782 4317 830 4396 lit,
855 4338 930 4381 cum
951 4338 1011 4401 pro
1032 4317 1101 4400 ejus
1123 4335 1230 4380 amore
1251 4326 1285 4382 et

184 4405 327 4487 ueritate
359 4420 588 4485 lamoensium
617 4419 648 4483 ei
676 4420 850 4504 pagrum
905 4417 1065 4486 Quocirca
1092 4439 1153 4500 ego
1181 4419 1287 4484 utnu-
