3234 5125
967 190 988 232 Χ

311 467 361 521 142
581 457 901 523 MISCELLANEOUS
920 465 1133 522 CHARTERS.

355 639 431 702 And
464 645 523 727 pus
557 660 591 704 sc
625 646 841 704 ceastersetna
922 640 999 704 And
1024 640 1103 704 thus
1126 641 1183 705 the
1206 643 1413 706 townsmcn's

312 751 420 824 preost
443 743 492 806 hit
511 743 657 826 gersd]
679 765 713 807 se
732 743 840 826 AEpel-
879 743 979 826 priest
1007 744 1086 808 rode
1118 744 1157 823 it,
1187 746 1252 808 and
1284 745 1411 809 AEthcl-

312 845 427 909 waldcs
470 854 587 929 geneat
636 846 704 909 mid
748 846 837 909 hinc·
879 847 989 911 wald's
1026 850 1181 931 ‘geneat'
1220 849 1297 912 with
1330 849 1409 912 him.

312 955 408 1012 aerost
419 970 462 1012 on
472 949 684 1033 Gemydlcge·
698 968 718 1031 J
734 953 840 1038 panon
881 951 967 1014 First
974 951 1290 1037 tchmythlcy,and
1296 953 1413 1016 thence

312 1072 357 1114 on
418 1051 655 1134 Roddanbeorg
721 1051 837 1136 syllae·
880 1059 915 1118 to
930 1054 1149 1138 Rodborongh
1166 1054 1270 1133 itself;
1295 1055 1412 1119 thence

311 1159 416 1240 panon
438 1176 482 1218 on
498 1154 718 1220 Smececumb·
736 1160 842 1241 panon
880 1165 916 1221 to
944 1157 1194 1238 Smechcombe3
1231 1157 1348 1222 thence
1376 1165 1413 1222 to

311 1279 355 1320 on
401 1257 604 1341 Sengetlcge·
649 1263 755 1343 panon
798 1277 842 1321 on
881 1259 1021 1345 Sngley3
1054 1261 1171 1326 thence
1193 1269 1230 1326 to
1254 1261 1410 1346 Hprdley,

313 1361 549 1445 Heardanlcgc·
585 1364 667 1447 paerc
699 1362 727 1424 is
763 1361 843 1425 o’der
880 1363 919 1426 of
949 1362 1055 1428 which
1089 1364 1181 1428 there
1213 1365 1241 1428 is
1273 1362 1410 1427 another

311 1486 409 1530 noma
434 1465 634 1550 Dryganlcg·
663 1469 686 1549 b
710 1485 774 1528 swa
798 1485 842 1528 on
880 1487 985 1545 name,
997 1467 1184 1551 Dryganlcy
1194 1493 1203 1545 3
1223 1467 1303 1530 then
1322 1487 1358 1530 so
1373 1475 1409 1531 to

312 1570 351 1650 ba
371 1567 485 1631 laessan
503 1567 752 1651 Naegleslege·]
778 1589 842 1630 swa
880 1570 936 1633 the
959 1570 1021 1633 less
1042 1569 1259 1647 Nailsworth3
1290 1569 1354 1634 and
1374 1591 1411 1634 so

311 1678 347 1733 to
383 1670 583 1756 AEbelfei'bes
619 1671 725 1734 londa.
778 1671 842 1755 pus
880 1681 916 1735 to
941 1671 1167 1736 AEthelferth's
1185 1673 1272 1737 land.
1321 1673 1410 1737 'l'hus

314 1773 383 1836 him
405 1774 560 1857 gewiscde
583 1795 617 1839 se
632 1774 843 1859 AEbelwaldes
880 1775 935 1839 did
961 1775 1182 1840 AEthclwald's
1210 1797 1287 1838 man
1315 1775 1408 1859 point

313 1877 424 1960 mo[n]
448 1881 487 1962 pa
511 1899 650 1960 gemaeru
679 1899 743 1942 swa
772 1877 840 1941 him
879 1888 937 1943 out
952 1887 987 1942 to
1002 1877 1071 1948 him
1083 1878 1139 1942 the
1154 1878 1356 1956 boundaries,
1373 1901 1409 1942 as

312 1985 352 2066 ba
396 1980 508 2062 ealdan
552 1981 611 2046 bec
657 1980 776 2066 ryhtan
820 2002 839 2062 Ἰ
879 1983 936 2045 the
950 1981 1005 2044 old
1019 1980 1163 2045 cheriem
1177 1981 1319 2046 directed
1335 1981 1399 2045 and

313 2085 463 2149 wisedon.
879 2084 1051 2148 indicated.

477 2547 734 2604 AETHELWULF
751 2549 977 2605 ALDORMAN.
1014 2547 1240 2604 occoxovn.

351 2702 392 2781 ιιι
407 2699 505 2762 Anno
527 2698 697 2762 Dominice
722 2698 953 2762 incarnationis
976 2718 1172 2761 occcxcvn.
1225 2696 1408 2763 Indictione

305 2822 380 2866 vero
403 2822 467 2878 xv„
488 2822 526 2865 eo
548 2822 633 2865 anno
653 2800 800 2883 contigit,
823 2800 909 2883 quod
926 2799 1112 2864 AEtheluulf
1130 2799 1319 2864 venerabilis
1340 2801 1406 2864 dux

305 2904 450 2969 recitavit
476 2912 510 2968 ct
526 2904 732 2987 investigavit
750 2903 959 2967 hereditatios
973 2901 1072 2966 libros
1090 2902 1245 2966 Cenwulfi
1262 2902 1357 2986 regis,
1373 2910 1408 2966 et

304 3007 340 3075 in
361 3006 533 3090 privilegiis
556 3006 643 3069 illius
666 3006 821 3090 scriptum
843 3005 1038 3084 inveniebat,
1065 3005 1151 3088 quod
1173 3005 1281 3069 nullus
1303 3006 1406 3069 haeres

303 3117 376 3194 post
390 3130 464 3173 eum
478 3109 643 3173 licentiam
654 3107 788 3173 haberet
801 3108 1012 3173 hereditatem
1024 3108 1183 3186 Cenuulfi,
1193 3128 1256 3191 que
1266 3108 1407 3192 pertinet

302 3212 342 3277 ad
357 3210 610 3289 Wincelcumbe,
627 3210 722 3274 alicui
742 3210 912 3279 hominum
925 3209 1053 3294 longius
1066 3210 1249 3274 donandam
1263 3211 1313 3275 vel
1328 3231 1404 3275 con-

302 3313 503 3379 scribendam
529 3334 625 3395 quam
649 3313 716 3377 dies
740 3314 836 3376 unius
859 3313 1017 3391 hominis;
1048 3314 1104 3377 scd
1130 3312 1157 3377 si
1179 3314 1251 3397 quis
1268 3314 1329 3379 hoc
1346 3314 1404 3379 ob-

302 3437 427 3481 servare
456 3415 621 3494 noluisset,
648 3416 698 3479 vel
726 3416 898 3496 contraire,
927 3416 1056 3499 longius
1089 3416 1230 3500 spatium
1257 3416 1405 3481 addendo

302 3527 436 3585 conatus
453 3518 575 3598 fuisset,
594 3518 689 3582 sciret
713 3540 746 3582 se
764 3518 1102 3583 anathematizandum
1124 3542 1204 3599 esse,
1219 3520 1283 3585 nisi
1306 3521 1405 3604 digna

302 3619 518 3683 satisfactione
547 3618 743 3684 emendaret.
799 3619 928 3685 Accidit
960 3628 1069 3685 autem
1098 3630 1186 3700 tunc,
1212 3622 1298 3687 inter
1326 3623 1404 3687 alias

300 3723 489 3801 locutiones,
513 3722 599 3805 quod
616 3722 788 3786 AEfbeluulf
804 3723 996 3807 loquebatur
1016 3723 1058 3788 de
1077 3724 1135 3787 illa
1153 3733 1239 3789 terra
1256 3746 1328 3808 quae
1347 3748 1403 3810 ap-

300 3826 438 3910 pellatur
452 3825 487 3887 in
503 3825 636 3908 Uptune
650 3846 680 3888 v.
697 3827 898 3890 manentium
913 3826 955 3890 ad
969 3826 1149 3906 Uullnfnm,
1165 3829 1221 3911 qui
1235 3836 1314 3892 tunc
1331 3849 1403 3893 cam

298 3927 489 4011 possidebat,
500 3928 652 4011 quoniam
667 3927 707 3991 de
721 3928 899 3993 hereditate
913 3930 1013 4014 ipsius
1024 3931 1174 3995 Cenuulfi
1188 3940 1267 3995 erat.
1311 3932 1404 3996 Tunc

298 4032 353 4097 illc
382 4031 520 4109 dicebat,
551 4030 638 4114 quod
668 4032 843 4119 Cynepry’d
869 4032 954 4115 patri
981 4053 1041 4097 suo
1069 4034 1160 4097 illam
1185 4040 1306 4097 terram
1335 4033 1404 4098 dies

298 4136 398 4199 trium
418 4135 587 4199 hominurn
603 4133 762 4212 donasset,
778 4141 813 4198 et
830 4135 948 4199 AElfled
970 4135 1031 4200 sibi
1054 4143 1167 4219 postea
1188 4135 1289 4199 trium
1312 4135 1403 4200 addi·

297 4238 417 4317 disset;
448 4238 504 4303 sed
530 4236 686 4301 AEdelred
714 4244 747 4301 et
772 4237 822 4300 illi
847 4259 959 4302 omnes
984 4238 1213 4322 adjudicabant
1235 4239 1321 4322 quod
1345 4238 1403 4303 illa

297 4340 428 4405 donatio
444 4342 537 4405 aliter
554 4348 640 4405 stare
658 4361 727 4404 non
744 4348 862 4425 posset,
878 4340 942 4404 nisi
957 4341 1050 4405 sicuti
1068 4340 1103 4404 in
1123 4341 1236 4406 diebus
1252 4341 1402 4406 Cenuulfi

296 4445 507 4509 constitutum
522 4453 603 4509 erat.
648 4443 740 4507 'luno
755 4444 809 4507 ille
824 4443 987 4527 predictus
996 4444 1124 4509 Wullaf
1133 4444 1274 4510 reddidit
1287 4445 1401 4509 AEael-
