3234 5125
292 378 345 431 450
563 375 885 432 MISOELLANEOUS
903 375 1118 430 cumules

289 547 408 613 hebere
426 548 540 614 voluit.
587 547 650 612 His
670 549 779 632 itaque
796 541 872 631 ipse
890 546 1047 632 susceptis
1069 554 1166 611 utens
1189 553 1228 609 ut
1244 544 1392 630 propriis,

289 671 386 715 omne
402 649 548 715 debitum
563 649 729 715 servitium
744 649 860 715 exinde
873 657 984 714 temen
1005 648 1228 714 indeficienter
1241 647 1394 732 persolvit

289 753 384 837 regis.
429 752 501 819 Nos
524 761 633 818 sutem
650 753 711 818 lise
731 753 772 817 de
789 773 886 818 esino
899 751 994 818 terris
1008 751 1196 836 prenotatis,
1211 759 1255 830 et,
1271 758 1309 814 ut
1322 771 1393 832 pre·

289 864 499 936 monstretur,
521 877 541 920 s
563 864 675 921 saneto
700 857 772 920 loeo
796 855 955 935 alienatis,
970 855 1029 919 hus
1050 855 1150 919 etism
1172 875 1260 918 nuno
1280 860 1392 931 terres,

290 981 370 1044 quss
391 961 541 1038 diximus,
562 959 680 1024 litteris
704 978 883 1043 supponere
904 958 1096 1037 curavimus,
1112 957 1265 1042 quonism
1286 956 1395 1019 minus

290 1064 465 1142 servitium,
482 1085 580 1147 quem
598 1061 673 1127 inde
688 1061 833 1141 debetur,
849 1083 910 1126 nos
920 1062 991 1146 jum
1004 1059 1124 1126 babere
1137 1059 1305 1126 sentimus.

658 1493 709 1547 DE
727 1493 1025 1550 ODDUNOGALEA.

344 1643 425 1705 Erat
458 1640 588 1724 quidem
623 1640 769 1720 clericus,
804 1641 1012 1726 Kinethegen
1041 1650 1184 1720 vocatus,
1214 1661 1330 1723 genere
1358 1646 1393 1702 et

290 1743 447 1826 sapientia
470 1742 676 1823 clarissimus,
697 1752 730 1807 et
754 1765 811 1827 per
835 1744 1041 1809 totsmshunu
1063 1743 1214 1821 diocesin,
1238 1741 1392 1806 bonitatis

291 1846 498 1930 scientiaeque
513 1867 579 1909 snse
593 1845 679 1910 fsma
698 1845 986 1912 nominatissimus.
1033 1847 1099 1913 Hie
1118 1868 1193 1931 sepe
1206 1847 1336 1910 veniens
1352 1844 1393 1908 ed

292 1949 513 2028 Goduuinum,
540 1947 645 2012 virum
673 1949 900 2029 venerabilem,
923 1959 958 2016 et
980 1950 1077 2034 hujus
1105 1949 1293 2014 monasterii
1314 1955 1393 2010 tuno

290 2051 445 2136 temporis
460 2051 629 2130 decanum,
644 2058 765 2116 terram
779 2053 877 2116 unius
891 2053 1016 2133 cassati,
1032 2075 1104 2138 quoe
1119 2053 1160 2116 sb
1174 2051 1288 2117 incolis
1303 2050 1393 2116 odd-

291 2153 447 2237 uncgsles
472 2153 601 2234 dicitur,
626 2155 661 2218 in
689 2177 767 2218 usus
795 2155 943 2240 proprios
974 2155 1131 2240 quesivit,
1162 2155 1279 2238 cuique
1307 2152 1393 2236 quod

290 2258 421 2342 petebat
435 2257 569 2321 minime
589 2257 747 2340 denegare
761 2258 889 2323 volebat
911 2259 999 2341 (nem
1013 2258 1106 2322 illum
1121 2265 1287 2322 strenuum
1302 2277 1392 2338 mag·

291 2381 404 2444 nseque
418 2359 597 2444 prudentiss
612 2360 718 2423 virum
733 2381 801 2426 esse
816 2360 962 2444 sciebat),
973 2361 1131 2426 concessit
1145 2361 1215 2424 sine
1229 2358 1392 2435 dilatione,

291 2484 328 2528 es
355 2472 465 2527 temen
487 2463 622 2541 ratione,
637 2470 676 2526 ut
689 2483 720 2527 v.
737 2462 857 2527 solidos
879 2485 938 2547 pro
961 2463 1074 2527 eedem
1091 2471 1179 2527 terre
1198 2462 1393 2547 persolveret

166 2648 169 2655 ,
290 2566 368 2632 enni
384 2566 538 2651 cujusque
552 2566 761 2631 revolutione.
807 2568 914 2633 Quam
930 2568 1175 2632 eonsentionem
1190 2566 1268 2650 ipse,
1281 2586 1393 2649 quarn·

290 2668 347 2733 diu
370 2667 507 2747 vivebat,
534 2676 642 2733 mente
666 2668 873 2734 devotissime
901 2669 1119 2753 persolvebat:
1145 2690 1257 2734 verum
1280 2668 1393 2732 eodem

290 2771 455 2836 subtracto
479 2792 518 2835 ex
538 2770 598 2835 hee
620 2772 704 2851 luce,
720 2771 777 2856 qui
798 2772 838 2835 de
861 2773 931 2857 ejus
950 2794 1068 2856 genere
1087 2772 1274 2857 superstites
1292 2771 1392 2849 fuere,

290 2874 374 2937 hane
398 2873 532 2938 eandem
554 2882 674 2938 terrem
696 2875 757 2939 sibi
771 2896 976 2958 usurpavere,
991 2896 1051 2939 neo
1065 2875 1272 2959 postmodum
1294 2874 1392 2938 servi-

291 2978 375 3040 tium
390 2975 519 3058 aliquod
537 2996 597 3060 pro
617 2998 656 3041 eo
675 2977 770 3041 nobis
788 2975 939 3041 exhibere
952 2978 1094 3063 voluere.
1138 2978 1209 3041 Tali
1223 2977 1319 3040 modo
1333 2976 1394 3039 hae

292 3086 379 3163 terre
393 3078 566 3159 ceruimus,
583 3086 616 3142 et
630 3080 760 3144 servitio
776 3079 861 3163 quod
875 3101 935 3164 pro
949 3080 1005 3144 illa
1018 3079 1136 3145 hebere
1151 3080 1332 3145 debuimus.

712 3498 763 3555 nn
783 3483 974 3555 osonum.

335 3644 492 3728 Tempore
515 3644 581 3722 illo,
597 3667 662 3729 quo
677 3646 763 3713 Dani
784 3647 882 3731 hujus
905 3649 1019 3732 pstriae
1039 3671 1237 3733 possessores
1251 3650 1393 3730 fuerunt,

292 3747 377 3824 villu,
394 3768 465 3830 ques
480 3747 599 3811 dieitur
614 3749 761 3829 Crohlea,
777 3772 797 3815 s
811 3751 974 3817 dominico
987 3753 1076 3816 victu
1087 3754 1318 3817 monachorum
1332 3756 1396 3823 hoo

293 3849 389 3913 modo
404 3849 510 3913 sblste
525 3858 584 3930 est,
605 3851 682 3915 lieet
697 3852 828 3917 servitio
842 3853 984 3917 aeeelesie
1002 3854 1119 3935 adhue,
1134 3857 1205 3920 Deo
1227 3856 1394 3939 largiente,

293 3952 475 4036 mancipate
499 3952 552 4017 sit.
596 3954 684 4017 Nem
708 3954 845 4018 Simund
869 3956 1010 4039 quidum,
1026 3978 1143 4039 genere
1157 3959 1282 4037 Dsnns,
1303 3959 1396 4022 miles

295 4054 443 4135 Leofriei,
480 4057 607 4121 comitis
644 4057 854 4137 Merciorum,
887 4080 1051 4143 possessor
1086 4061 1225 4125 existens
1262 4062 1396 4126 alterium

295 4158 441 4238 Crohles,
454 4159 615 4243 praediotae
625 4161 695 4244 jum
708 4160 832 4237 vicinae,
848 4169 886 4224 ut
899 4162 987 4225 illius
1001 4164 1127 4246 generis
1141 4164 1289 4227 homines
1303 4172 1397 4227 erant

296 4261 393 4339 soliti,
408 4268 518 4325 nostre
541 4270 620 4327 tunc
642 4262 781 4346 propriae
796 4264 880 4327 villae
900 4265 1101 4328 dominatum
1122 4288 1216 4330 avere
1235 4265 1394 4351 cupiebat.

296 4364 403 4441 Quem
423 4385 499 4428 eum
521 4364 653 4448 sdipiscl
674 4366 764 4430 nullo
779 4366 876 4430 modo
889 4376 1008 4450 posset,
1025 4368 1056 4430 vi
1076 4376 1110 4431 et
1129 4367 1275 4453 potentis
1290 4391 1347 4433 sus
1362 4378 1395 4435 et
