3234 5125
308 411 362 464 386
583 408 904 465 MISOELLANEOUS
922 407 1138 464 OHARTERS.

311 583 541 642 testamentum
563 585 676 643 contra
694 598 834 656 ornnem,
852 576 984 656 seilicet,
1004 575 1199 642 calumniam
1220 574 1415 658 iniquorum.

314 682 410 746 Hanc
424 680 541 764 quippe
551 680 670 758 villam,
681 701 755 744 oum
771 680 938 763 Leofgyna
950 679 1071 744 semina
1079 678 1270 743 Lundonioa
1283 677 1417 743 baberet

312 781 445 846 omnino
458 781 619 866 propriam
636 789 669 845 et
686 782 831 860 liberam,
840 781 935 846 beato
949 783 1048 846 Petro
1061 781 1097 844 in
1110 780 1297 865 pradictum
1309 781 1418 844 locum

313 891 386 968 post
405 881 530 948 obitum
550 905 644 948 suum
664 883 795 948 donavit
812 905 895 963 eam,
915 883 998 948 sicut
1014 883 1103 948 fideli
1123 883 1308 948 testimonio
1325 882 1419 948 nobis

314 985 485 1068 probatum
504 994 563 1065 est,
582 993 736 1074 perpetuo
757 985 993 1070 possidendam,
1014 1006 1052 1050 ea
1071 985 1192 1052 scilicet
1209 985 1304 1069 plena
1322 984 1418 1048 liber·

314 1096 383 1152 tate
398 1109 461 1171 qua
475 1089 544 1172 ipsa
558 1088 750 1172 possidebat.
796 1090 879 1154 Haec
898 1088 980 1154 obiit
992 1088 1028 1152 in
1042 1090 1094 1154 via
1108 1088 1316 1167 Ieroaolimoe,
1332 1085 1417 1170 quod

314 1191 371 1254 ubi
386 1190 551 1255 Lcolrious
573 1190 671 1256 abbas
686 1190 725 1254 de
741 1191 851 1256 Burcb
870 1191 1030 1274 cognovit,
1047 1192 1088 1255 od
1104 1213 1164 1256 nos
1181 1211 1309 1255 causam
1326 1210 1418 1254 suam

315 1292 437 1370 retulit,
453 1300 486 1356 et
500 1313 556 1376 per
570 1292 703 1357 idoneos
717 1301 817 1356 testes
827 1294 951 1377 justam
964 1293 1192 1378 comprobavit,
1207 1300 1419 1375 nostrumque

316 1416 481 1458 assensum
492 1395 567 1458 inde
578 1395 759 1478 postulavit.
792 1399 839 1460 At
847 1395 959 1478 regina
969 1395 1419 1480 meaAEdgytb,cumterram

316 1497 525 1576 vendicasset,
537 1496 672 1562 dicendo
687 1496 772 1580 quod
786 1497 871 1561 hanc
884 1497 947 1562 sibi
960 1497 1072 1562 eadem
1084 1498 1206 1562 femina
1218 1497 1417 1575 decrevisset,

316 1600 403 1664 idem
429 1598 526 1664 abbas
548 1619 606 1682 per
626 1619 679 1662 me
704 1607 737 1664 et
763 1599 921 1682 principes
944 1621 1034 1664 meos
1057 1599 1179 1682 reginae
1200 1599 1326 1677 fratres,
1350 1599 1419 1662 Ha·

316 1702 443 1766 roldum
465 1707 498 1764 et
520 1699 698 1779 Tostinum,
722 1700 822 1784 ipsius
842 1700 1020 1785 potentiam
1042 1701 1142 1780 flexit,
1164 1701 1312 1784 datisque
1332 1700 1363 1764 ei
1383 1700 1419 1762 in

317 1802 455 1886 gratiam
470 1821 521 1869 xx.
536 1801 653 1866 marcis
670 1802 739 1866 auri
757 1810 791 1866 ct
807 1803 1007 1867 ornamentis
1025 1803 1177 1870 aeoelesiae
1193 1824 1266 1887 quae
1283 1803 1325 1866 ad
1341 1802 1420 1866 alias

317 1925 369 1968 xx.
393 1923 517 1967 mareas
540 1903 772 1987 apportiantur,
793 1910 912 1968 terram
931 1905 1126 1970 monasterio
1146 1926 1205 1969 suo
1224 1904 1420 1968 liberrimam

317 2015 351 2072 et
369 2005 608 2088 integerrimam
629 2006 780 2069 restituit.
827 2007 923 2071 Hanc
940 2007 1042 2091 igitur
1058 2007 1265 2072 donationem
1286 2027 1346 2090 ego
1365 2026 1420 2068 rex

318 2107 525 2174 AEduuardus
539 2128 613 2171 cum
627 2108 696 2192 ipsa
709 2108 822 2190 regina
839 2109 886 2172 ita
906 2130 1025 2189 annuo,
1042 2109 1192 2188 concedo,
1207 2115 1240 2173 ct
1255 2109 1419 2184 confirmo,

318 2210 469 2294 quatinus
483 2217 554 2274 tota
567 2209 622 2273 illa
636 2209 791 2292 possessio
806 2211 1001 2274 Fiskertuna
1014 2211 1050 2274 in
1063 2219 1220 2275 aeternum
1237 2209 1281 2273 sit
1295 2209 1421 2293 propria

317 2319 350 2375 et
371 2311 530 2375 dominica
551 2311 649 2394 ipsius
673 2311 784 2376 Sancti
806 2311 896 2376 Petri
917 2311 953 2374 in
974 2311 1094 2390 Buroh,
1110 2312 1152 2375 ad
1173 2333 1251 2375 usus
1272 2311 1333 2374 sibi
1355 2331 1419 2374 ser-

316 2413 483 2490 vientium,
495 2420 590 2494 atque
604 2413 651 2476 ita
666 2420 794 2477 maneat
808 2413 909 2476 libera
922 2412 957 2476 in
971 2413 1075 2492 terris,
1087 2413 1189 2496 aquis,
1200 2414 1299 2492 silvis,
1309 2412 1419 2497 pratis,

317 2515 453 2600 pascuis,
468 2513 656 2598 cunctisque
673 2514 769 2581 rebus
791 2522 826 2579 et
841 2515 978 2599 justitiis
994 2515 1241 2598 pertinentibus,
1256 2537 1330 2580 cum
1348 2535 1421 2579 saca

318 2626 351 2681 et
379 2638 486 2695 socna,
507 2624 544 2680 ut
569 2617 678 2680 nullus
707 2617 782 2681 inde
805 2617 977 2700 quicquam
997 2625 1121 2701 repetat
1147 2626 1254 2701 preter
1279 2617 1361 2681 arcis
1389 2626 1423 2680 et

317 2718 526 2803 expeditionis
546 2717 734 2782 subsidium.
782 2719 870 2783 Hinc
885 2740 962 2802 ergo
977 2727 1139 2783 contestor
1153 2740 1266 2783 omnes
1279 2726 1423 2802 posteros

318 2842 416 2899 meos,
431 2842 522 2903 reges
539 2828 573 2883 et
588 2818 723 2902 judices,
746 2840 804 2903 per
824 2820 1002 2884 Dominum
1020 2821 1166 2885 omnium
1182 2821 1335 2905 jndicem,
1351 2821 1422 2904 jus·

317 2923 399 2986 titiae
414 2930 600 3000 amatorem,
612 2928 646 2984 et
656 2922 759 2985 tocius
773 2922 943 3005 injustitiae
957 2922 1127 3001 vindicem,
1138 2945 1179 2987 ne
1194 2924 1265 3007 quis
1278 2944 1423 3006 unquam

319 3024 435 3088 audeat
450 3024 621 3107 quicquam
635 3030 704 3085 tam
724 3044 762 3086 ex
782 3022 834 3085 his
852 3045 950 3106 quam
965 3024 1004 3087 de
1020 3025 1108 3088 omni
1119 3026 1193 3109 jure
1208 3025 1320 3089 Sancti
1334 3024 1423 3088 Petri

319 3124 485 3188 detrahere
499 3131 556 3187 aut
570 3123 766 3201 diminuere;
791 3124 867 3207 quia
883 3146 918 3187 re
932 3146 1007 3189 vera
1021 3126 1105 3188 sicut
1118 3126 1167 3189 illi
1181 3133 1422 3209 consequuntur

319 3236 473 3290 aeternam
484 3225 583 3287 vitam
595 3224 650 3306 qui
664 3223 841 3289 aecclesiam
857 3227 919 3290 Dei
934 3228 1140 3310 amplificant,
1152 3228 1200 3291 ita
1212 3228 1276 3291 illis
1289 3236 1423 3291 manent

320 3328 513 3411 sempiterna
529 3334 692 3390 tormenta
709 3328 764 3410 qui
782 3349 854 3391 earn
870 3329 906 3391 in
927 3329 1035 3412 aliquo
1056 3330 1213 3413 spoliant:
1237 3331 1293 3413 qni
1315 3337 1423 3393 autem

315 3429 391 3494 'haec
409 3428 584 3506 violaverit,
603 3428 748 3492 omnium
768 3429 971 3493 sacerdotum
993 3439 1027 3495 et
1045 3432 1266 3495 ministrorum
1286 3431 1348 3495 Dei
1367 3452 1423 3493 ore

322 3529 492 3594 anathema
508 3530 560 3592 sit.
606 3530 703 3593 Anno
725 3530 766 3593 ab
787 3530 1007 3595 incarnatione
1024 3533 1158 3596 Domini
1177 3533 1346 3596 millasimo
1368 3544 1424 3594 nx⁰

321 3632 545 3696 confirmatum
567 3639 616 3695 est
636 3631 697 3695 boc
719 3638 961 3711 testamentum,
977 3634 1030 3697 cui
1051 3642 1150 3698 testes
1167 3635 1330 3718 conspicui
1349 3634 1424 3697 sub·

322 3732 489 3798 scribendo
503 3740 709 3798 annotantur.

365 3837 437 3919 Ego
451 3834 659 3899 AEduuardus
680 3856 736 3899 rex
758 3836 923 3901 constitui.
969 3838 1040 3919 Ego
1054 3836 1201 3920 AEdgyth
1214 3838 1328 3920 regina
1346 3858 1423 3902 con-

323 3938 411 4001 cessi.
463 3937 534 4019 Ego
550 3936 726 4019 Stigandus
744 3938 999 4022 archiepiscopus
1020 3938 1207 4002 collaudavi.
1253 3940 1325 4021 Ego
1342 3938 1425 4001 Ald-

321 4040 417 4103 redus
447 4038 699 4121 archiepiscopus
721 4040 935 4122 comprobavi.
999 4041 1070 4123 Ego
1091 4040 1257 4103 Wlfuuius
1280 4039 1425 4103 Lincolie

323 4142 456 4205 antistes
470 4140 680 4204 corroboravi.
726 4141 798 4222 Ego
814 4142 979 4206 Haroldus
994 4143 1059 4206 dux
1074 4144 1147 4207 favi.
1191 4144 1426 4226 Ego'Postinus

323 4243 388 4306 dux
407 4241 499 4306 testis
518 4242 575 4305 fui.
621 4241 757 4323 Signum
780 4244 888 4306 Raulfi
908 4245 993 4329 regis
1014 4245 1157 4328 dapiferi.
1204 4246 1341 4327 Signum
1361 4248 1425 4308 As-

324 4345 402 4427 gaeri
416 4342 499 4425 regis
514 4342 655 4425 dapiferi.
709 4344 844 4425 Signum
864 4346 1094 4410 Marlesnuein.
1141 4347 1278 4429 Signum
1293 4346 1426 4411 Godrici
