<?xml version="1.0" encoding="UTF-8"?>
<!DOCTYPE html PUBLIC "-//W3C//DTD XHTML 1.0 Transitional//EN"
    "http://www.w3.org/TR/xhtml1/DTD/xhtml1-transitional.dtd">
<html xmlns="http://www.w3.org/1999/xhtml" xml:lang="en" lang="en">
 <head>
  <title>
</title>
<meta http-equiv="Content-Type" content="text/html;charset=utf-8" />
  <meta name='ocr-system' content='tesseract 3.04.00' />
  <meta name='ocr-capabilities' content='ocr_page ocr_carea ocr_par ocr_line ocrx_word'/>
</head>
<body>
  <div class='ocr_page' id='page_1' title='image "./diplomatariuman02thorgoog_0322.png"; bbox 0 0 3234 5125; ppageno 0'>
   <div class='ocr_carea' id='block_1_1' title="bbox 291 408 1121 468">
    <p class='ocr_par' dir='ltr' id='par_1_1' title="bbox 291 408 1121 468">
     <span class='ocr_line' id='line_1_1' title="bbox 291 408 1121 468; baseline -0.001 -1"><span class='ocrx_word' id='word_1_1' title='bbox 291 408 347 467; x_wconf 72' lang='lat'><strong>280</strong></span> <span class='ocrx_word' id='word_1_2' title='bbox 566 410 887 468; x_wconf 77' lang='lat' dir='ltr'>MISOELLANEOUS</span> <span class='ocrx_word' id='word_1_3' title='bbox 905 408 1121 466; x_wconf 68' lang='lat' dir='ltr'><strong>cunamen.</strong></span> 
     </span>
    </p>
   </div>
   <div class='ocr_carea' id='block_1_2' title="bbox 212 579 1397 4457">
    <p class='ocr_par' dir='ltr' id='par_1_2' title="bbox 288 579 1397 2416">
     <span class='ocr_line' id='line_1_2' title="bbox 291 579 1396 667; baseline 0 -22"><span class='ocrx_word' id='word_1_4' title='bbox 291 579 495 667; x_wconf 84' lang='lat' dir='ltr'><strong>privilegium</strong></span> <span class='ocrx_word' id='word_1_5' title='bbox 516 581 693 647; x_wconf 70' lang='lat' dir='ltr'><strong>restauravi</strong></span> <span class='ocrx_word' id='word_1_6' title='bbox 713 582 833 662; x_wconf 87' lang='lat' dir='ltr'><strong>enimo,</strong></span> <span class='ocrx_word' id='word_1_7' title='bbox 855 581 976 667; x_wconf 87' lang='lat' dir='ltr'><strong>injuste</strong></span> <span class='ocrx_word' id='word_1_8' title='bbox 997 604 1018 646; x_wconf 88' lang='lat' dir='ltr'><strong>a</strong></span> <span class='ocrx_word' id='word_1_9' title='bbox 1038 592 1150 648; x_wconf 84' lang='lat' dir='ltr'><strong>sancta</strong></span> <span class='ocrx_word' id='word_1_10' title='bbox 1171 580 1234 647; x_wconf 90' lang='lat' dir='ltr'><strong>Dei</strong></span> <span class='ocrx_word' id='word_1_11' title='bbox 1252 580 1396 646; x_wconf 74' lang='lat' dir='ltr'><strong>eeclesia</strong></span> 
     </span>
     <span class='ocr_line' id='line_1_3' title="bbox 292 682 1397 770; baseline 0.001 -23"><span class='ocrx_word' id='word_1_12' title='bbox 292 682 401 747; x_wconf 81' lang='lat' dir='ltr'><strong>ablata</strong></span> <span class='ocrx_word' id='word_1_13' title='bbox 418 682 471 749; x_wconf 80' lang='lat' dir='ltr'><strong>fue</strong></span> <span class='ocrx_word' id='word_1_14' title='bbox 477 682 565 769; x_wconf 88' lang='lat' dir='ltr'><strong>[ran]</strong></span> <span class='ocrx_word' id='word_1_15' title='bbox 571 692 596 764; x_wconf 91' lang='lat' dir='ltr'><strong>t,</strong></span> <span class='ocrx_word' id='word_1_16' title='bbox 610 685 724 769; x_wconf 86' lang='lat' dir='ltr'><strong>perfidi</strong></span> <span class='ocrx_word' id='word_1_17' title='bbox 738 685 858 770; x_wconf 90' lang='lat' dir='ltr'><strong>quique</strong></span> <span class='ocrx_word' id='word_1_18' title='bbox 875 705 974 750; x_wconf 81' lang='lat' dir='ltr'><strong>noras</strong></span> <span class='ocrx_word' id='word_1_19' title='bbox 988 685 1052 749; x_wconf 86' lang='lat' dir='ltr'><strong>sibi</strong></span> <span class='ocrx_word' id='word_1_20' title='bbox 1061 684 1269 750; x_wconf 76' lang='lat' dir='ltr'><strong>hereditarias</strong></span> <span class='ocrx_word' id='word_1_21' title='bbox 1283 683 1397 748; x_wconf 81' lang='lat' dir='ltr'><strong>kartas</strong></span> 
     </span>
     <span class='ocr_line' id='line_1_4' title="bbox 292 786 1397 873; baseline -0.002 -22"><span class='ocrx_word' id='word_1_22' title='bbox 292 794 484 873; x_wconf 71' lang='lat' dir='ltr'><strong>usurpantes</strong></span> <span class='ocrx_word' id='word_1_23' title='bbox 509 787 689 853; x_wconf 89' lang='lat' dir='ltr'><strong>ediderunt.</strong></span> <span class='ocrx_word' id='word_1_24' title='bbox 735 788 800 853; x_wconf 84' lang='lat' dir='ltr'><strong>Sed</strong></span> <span class='ocrx_word' id='word_1_25' title='bbox 821 788 858 852; x_wconf 91' lang='lat' dir='ltr'><strong>in</strong></span> <span class='ocrx_word' id='word_1_26' title='bbox 882 788 1001 867; x_wconf 88' lang='lat' dir='ltr'><strong>Patris,</strong></span> <span class='ocrx_word' id='word_1_27' title='bbox 1024 795 1059 853; x_wconf 92' lang='lat' dir='ltr'><strong>et</strong></span> <span class='ocrx_word' id='word_1_28' title='bbox 1083 787 1170 868; x_wconf 74' lang='lat' dir='ltr'><strong>Filii,</strong></span> <span class='ocrx_word' id='word_1_29' title='bbox 1196 796 1231 853; x_wconf 88' lang='lat' dir='ltr'><strong>et</strong></span> <span class='ocrx_word' id='word_1_30' title='bbox 1253 786 1397 871; x_wconf 83' lang='lat' dir='ltr'><strong>Spiritus</strong></span> 
     </span>
     <span class='ocr_line' id='line_1_5' title="bbox 293 888 1394 975; baseline -0.005 -19"><span class='ocrx_word' id='word_1_31' title='bbox 293 888 406 956; x_wconf 81' lang='lat' dir='ltr'><strong>Sancti</strong></span> <span class='ocrx_word' id='word_1_32' title='bbox 429 890 560 955; x_wconf 90' lang='lat' dir='ltr'><strong>nomine</strong></span> <span class='ocrx_word' id='word_1_33' title='bbox 584 889 788 975; x_wconf 80' lang='lat' dir='ltr'><strong>precipimus,</strong></span> <span class='ocrx_word' id='word_1_34' title='bbox 815 897 853 955; x_wconf 91' lang='lat' dir='ltr'><strong>ut</strong></span> <span class='ocrx_word' id='word_1_35' title='bbox 881 890 1113 956; x_wconf 85' lang='lat' dir='ltr'><strong>catholicorum</strong></span> <span class='ocrx_word' id='word_1_36' title='bbox 1140 911 1238 955; x_wconf 89' lang='lat' dir='ltr'><strong>nemo</strong></span> <span class='ocrx_word' id='word_1_37' title='bbox 1266 888 1394 954; x_wconf 89' lang='lat' dir='ltr'><strong>casdem</strong></span> 
     </span>
     <span class='ocr_line' id='line_1_6' title="bbox 292 991 1395 1078; baseline -0.002 -21"><span class='ocrx_word' id='word_1_38' title='bbox 292 992 436 1076; x_wconf 85' lang='lat' dir='ltr'><strong>recipiat,</strong></span> <span class='ocrx_word' id='word_1_39' title='bbox 452 993 509 1057; x_wconf 90' lang='lat' dir='ltr'><strong>sed</strong></span> <span class='ocrx_word' id='word_1_40' title='bbox 523 1016 544 1059; x_wconf 87' lang='lat' dir='ltr'><strong>a</strong></span> <span class='ocrx_word' id='word_1_41' title='bbox 557 994 682 1059; x_wconf 85' lang='lat' dir='ltr'><strong>cunctis</strong></span> <span class='ocrx_word' id='word_1_42' title='bbox 696 993 872 1078; x_wconf 72' lang='lat' dir='ltr'><strong>repudiate</strong></span> <span class='ocrx_word' id='word_1_43' title='bbox 890 993 1038 1058; x_wconf 88' lang='lat' dir='ltr'><strong>fidelibus</strong></span> <span class='ocrx_word' id='word_1_44' title='bbox 1057 994 1094 1059; x_wconf 92' lang='lat' dir='ltr'><strong>in</strong></span> <span class='ocrx_word' id='word_1_45' title='bbox 1113 992 1318 1059; x_wconf 80' lang='lat' dir='ltr'><strong>anathemate</strong></span> <span class='ocrx_word' id='word_1_46' title='bbox 1338 991 1395 1056; x_wconf 89' lang='lat' dir='ltr'><strong>de·</strong></span> 
     </span>
     <span class='ocr_line' id='line_1_7' title="bbox 291 1095 1394 1181; baseline 0.001 -24"><span class='ocrx_word' id='word_1_47' title='bbox 291 1102 457 1178; x_wconf 86' lang='lat' dir='ltr'><strong>putentur,</strong></span> <span class='ocrx_word' id='word_1_48' title='bbox 474 1095 574 1161; x_wconf 81' lang='lat' dir='ltr'><strong>veteri</strong></span> <span class='ocrx_word' id='word_1_49' title='bbox 587 1096 711 1181; x_wconf 87' lang='lat' dir='ltr'><strong>jugiter</strong></span> <span class='ocrx_word' id='word_1_50' title='bbox 724 1096 855 1180; x_wconf 86' lang='lat' dir='ltr'><strong>vigente</strong></span> <span class='ocrx_word' id='word_1_51' title='bbox 874 1096 1052 1181; x_wconf 79' lang='lat' dir='ltr'><strong>privilegio.</strong></span> <span class='ocrx_word' id='word_1_52' title='bbox 1097 1096 1134 1161; x_wconf 83' lang='lat' dir='ltr'><strong>Si</strong></span> <span class='ocrx_word' id='word_1_53' title='bbox 1147 1095 1220 1180; x_wconf 86' lang='lat' dir='ltr'><strong>qnia</strong></span> <span class='ocrx_word' id='word_1_54' title='bbox 1233 1116 1308 1159; x_wconf 78' lang='lat' dir='ltr'><strong>vero</strong></span> <span class='ocrx_word' id='word_1_55' title='bbox 1324 1100 1394 1158; x_wconf 85' lang='lat' dir='ltr'><strong>tarn</strong></span> 
     </span>
     <span class='ocr_line' id='line_1_8' title="bbox 290 1198 1395 1284; baseline 0 -23"><span class='ocrx_word' id='word_1_56' title='bbox 290 1198 513 1283; x_wconf 75' lang='lat' dir='ltr'><strong>epilempticus</strong></span> <span class='ocrx_word' id='word_1_57' title='bbox 533 1198 739 1284; x_wconf 76' lang='lat' dir='ltr'><strong>phylargiriae</strong></span> <span class='ocrx_word' id='word_1_58' title='bbox 760 1198 911 1265; x_wconf 89' lang='lat' dir='ltr'><strong>seductus</strong></span> <span class='ocrx_word' id='word_1_59' title='bbox 933 1199 1085 1279; x_wconf 83' lang='lat' dir='ltr'><strong>amentia,</strong></span> <span class='ocrx_word' id='word_1_60' title='bbox 1108 1198 1196 1283; x_wconf 91' lang='lat' dir='ltr'><strong>quod</strong></span> <span class='ocrx_word' id='word_1_61' title='bbox 1216 1218 1282 1262; x_wconf 91' lang='lat' dir='ltr'><strong>non</strong></span> <span class='ocrx_word' id='word_1_62' title='bbox 1303 1204 1395 1283; x_wconf 86' lang='lat' dir='ltr'><strong>opta·</strong></span> 
     </span>
     <span class='ocr_line' id='line_1_9' title="bbox 290 1299 1395 1381; baseline -0.002 -17"><span class='ocrx_word' id='word_1_63' title='bbox 290 1321 373 1381; x_wconf 81' lang='lat' dir='ltr'><strong>mus,</strong></span> <span class='ocrx_word' id='word_1_64' title='bbox 400 1299 484 1367; x_wconf 81' lang='lat' dir='ltr'><strong>hanc</strong></span> <span class='ocrx_word' id='word_1_65' title='bbox 507 1308 626 1367; x_wconf 81' lang='lat' dir='ltr'><strong>nostrae</strong></span> <span class='ocrx_word' id='word_1_66' title='bbox 642 1300 873 1367; x_wconf 77' lang='lat' dir='ltr'><strong>munificentiae</strong></span> <span class='ocrx_word' id='word_1_67' title='bbox 895 1309 1082 1366; x_wconf 85' lang='lat' dir='ltr'><strong>renovatam</strong></span> <span class='ocrx_word' id='word_1_68' title='bbox 1105 1300 1290 1366; x_wconf 74' lang='lat' dir='ltr'><strong>libertatem</strong></span> <span class='ocrx_word' id='word_1_69' title='bbox 1314 1320 1395 1366; x_wconf 83' lang='lat' dir='ltr'><strong>ausu</strong></span> 
     </span>
     <span class='ocr_line' id='line_1_10' title="bbox 289 1404 1393 1491; baseline -0.001 -22"><span class='ocrx_word' id='word_1_70' title='bbox 289 1405 461 1470; x_wconf 87' lang='lat' dir='ltr'><strong>temerario</strong></span> <span class='ocrx_word' id='word_1_71' title='bbox 483 1405 659 1490; x_wconf 78' lang='lat' dir='ltr'><strong>infringere</strong></span> <span class='ocrx_word' id='word_1_72' title='bbox 683 1404 899 1489; x_wconf 82' lang='lat' dir='ltr'><strong>temptaverit,</strong></span> <span class='ocrx_word' id='word_1_73' title='bbox 925 1404 969 1469; x_wconf 91' lang='lat' dir='ltr'><strong>sit</strong></span> <span class='ocrx_word' id='word_1_74' title='bbox 997 1405 1066 1491; x_wconf 78' lang='lat' dir='ltr'><strong>ipsc</strong></span> <span class='ocrx_word' id='word_1_75' title='bbox 1090 1404 1249 1471; x_wconf 71' lang='lat' dir='ltr'><strong>alienatus</strong></span> <span class='ocrx_word' id='word_1_76' title='bbox 1274 1427 1295 1470; x_wconf 88' lang='lat' dir='ltr'><strong>a</strong></span> <span class='ocrx_word' id='word_1_77' title='bbox 1316 1426 1393 1469; x_wconf 89' lang='lat' dir='ltr'><strong>oon-</strong></span> 
     </span>
     <span class='ocr_line' id='line_1_11' title="bbox 290 1506 1393 1593; baseline 0.004 -22"><span class='ocrx_word' id='word_1_78' title='bbox 290 1506 391 1573; x_wconf 82' lang='lat' dir='ltr'><strong>sortio</strong></span> <span class='ocrx_word' id='word_1_79' title='bbox 405 1516 527 1573; x_wconf 79' lang='lat' dir='ltr'><strong>sanctae</strong></span> <span class='ocrx_word' id='word_1_80' title='bbox 544 1507 609 1573; x_wconf 91' lang='lat' dir='ltr'><strong>Dei</strong></span> <span class='ocrx_word' id='word_1_81' title='bbox 628 1507 787 1587; x_wconf 73' lang='lat' dir='ltr'><strong>ecclesie,</strong></span> <span class='ocrx_word' id='word_1_82' title='bbox 802 1528 930 1573; x_wconf 90' lang='lat' dir='ltr'><strong>necnon</strong></span> <span class='ocrx_word' id='word_1_83' title='bbox 949 1516 983 1573; x_wconf 90' lang='lat' dir='ltr'><strong>et</strong></span> <span class='ocrx_word' id='word_1_84' title='bbox 997 1530 1017 1573; x_wconf 88' lang='lat' dir='ltr'><strong>a</strong></span> <span class='ocrx_word' id='word_1_85' title='bbox 1029 1507 1273 1593; x_wconf 68' lang='lat' dir='ltr'><strong>participatione</strong></span> <span class='ocrx_word' id='word_1_86' title='bbox 1287 1529 1393 1575; x_wconf 83' lang='lat' dir='ltr'><strong>sacro·</strong></span> 
     </span>
     <span class='ocr_line' id='line_1_12' title="bbox 290 1610 1395 1697; baseline 0.003 -23"><span class='ocrx_word' id='word_1_87' title='bbox 290 1610 394 1675; x_wconf 84' lang='lat' dir='ltr'><strong>sancti</strong></span> <span class='ocrx_word' id='word_1_88' title='bbox 408 1611 549 1694; x_wconf 88' lang='lat' dir='ltr'><strong>eorporis</strong></span> <span class='ocrx_word' id='word_1_89' title='bbox 567 1616 601 1675; x_wconf 92' lang='lat' dir='ltr'><strong>et</strong></span> <span class='ocrx_word' id='word_1_90' title='bbox 617 1610 784 1695; x_wconf 75' lang='lat' dir='ltr'><strong>sanguinis</strong></span> <span class='ocrx_word' id='word_1_91' title='bbox 799 1610 933 1676; x_wconf 88' lang='lat' dir='ltr'><strong>Domini</strong></span> <span class='ocrx_word' id='word_1_92' title='bbox 952 1611 1056 1677; x_wconf 87' lang='lat' dir='ltr'><strong>nostri</strong></span> <span class='ocrx_word' id='word_1_93' title='bbox 1071 1611 1174 1677; x_wconf 86' lang='lat' dir='ltr'><strong>Jhesu</strong></span> <span class='ocrx_word' id='word_1_94' title='bbox 1187 1611 1321 1691; x_wconf 83' lang='lat' dir='ltr'><strong>Christi,</strong></span> <span class='ocrx_word' id='word_1_95' title='bbox 1334 1633 1395 1697; x_wconf 90' lang='lat' dir='ltr'><strong>per</strong></span> 
     </span>
     <span class='ocr_line' id='line_1_13' title="bbox 290 1712 1392 1799; baseline 0.002 -23"><span class='ocrx_word' id='word_1_96' title='bbox 290 1732 385 1795; x_wconf 91' lang='lat' dir='ltr'><strong>quem</strong></span> <span class='ocrx_word' id='word_1_97' title='bbox 414 1720 504 1777; x_wconf 85' lang='lat' dir='ltr'><strong>totus</strong></span> <span class='ocrx_word' id='word_1_98' title='bbox 531 1720 691 1777; x_wconf 82' lang='lat' dir='ltr'><strong>terrarum</strong></span> <span class='ocrx_word' id='word_1_99' title='bbox 713 1712 800 1777; x_wconf 87' lang='lat' dir='ltr'><strong>orbis</strong></span> <span class='ocrx_word' id='word_1_100' title='bbox 830 1713 871 1777; x_wconf 90' lang='lat' dir='ltr'><strong>ab</strong></span> <span class='ocrx_word' id='word_1_101' title='bbox 900 1712 1034 1798; x_wconf 84' lang='lat' dir='ltr'><strong>antiquo</strong></span> <span class='ocrx_word' id='word_1_102' title='bbox 1061 1713 1217 1799; x_wconf 89' lang='lat' dir='ltr'><strong>hum[ani</strong></span> <span class='ocrx_word' id='word_1_103' title='bbox 1245 1714 1392 1799; x_wconf 84' lang='lat' dir='ltr'><strong>g]eneris</strong></span> 
     </span>
     <span class='ocr_line' id='line_1_14' title="bbox 288 1813 1392 1901; baseline 0.002 -22"><span class='ocrx_word' id='word_1_104' title='bbox 288 1814 422 1880; x_wconf 88' lang='lat' dir='ltr'><strong>inimico</strong></span> <span class='ocrx_word' id='word_1_105' title='bbox 442 1814 597 1880; x_wconf 80' lang='lat' dir='ltr'><strong>liberatus</strong></span> <span class='ocrx_word' id='word_1_106' title='bbox 619 1822 680 1895; x_wconf 90' lang='lat' dir='ltr'><strong>cst,</strong></span> <span class='ocrx_word' id='word_1_107' title='bbox 703 1822 736 1881; x_wconf 90' lang='lat' dir='ltr'><strong>et</strong></span> <span class='ocrx_word' id='word_1_108' title='bbox 760 1836 835 1881; x_wconf 89' lang='lat' dir='ltr'><strong>cum</strong></span> <span class='ocrx_word' id='word_1_109' title='bbox 857 1816 945 1881; x_wconf 80' lang='lat' dir='ltr'><strong>Jnda</strong></span> <span class='ocrx_word' id='word_1_110' title='bbox 965 1813 1087 1881; x_wconf 84' lang='lat' dir='ltr'><strong>Christi</strong></span> <span class='ocrx_word' id='word_1_111' title='bbox 1107 1816 1272 1901; x_wconf 81' lang='lat' dir='ltr'><strong>proditore</strong></span> <span class='ocrx_word' id='word_1_112' title='bbox 1291 1818 1328 1881; x_wconf 91' lang='lat' dir='ltr'><strong>in</strong></span> <span class='ocrx_word' id='word_1_113' title='bbox 1349 1817 1392 1881; x_wconf 91' lang='lat' dir='ltr'><strong>si-</strong></span> 
     </span>
     <span class='ocr_line' id='line_1_15' title="bbox 288 1918 1393 2004; baseline 0 -21"><span class='ocrx_word' id='word_1_114' title='bbox 288 1918 391 1983; x_wconf 88' lang='lat' dir='ltr'><strong>nistra</strong></span> <span class='ocrx_word' id='word_1_115' title='bbox 415 1925 507 2003; x_wconf 82' lang='lat' dir='ltr'><strong>parte</strong></span> <span class='ocrx_word' id='word_1_116' title='bbox 530 1918 711 2003; x_wconf 87' lang='lat' dir='ltr'><strong>deputatus,</strong></span> <span class='ocrx_word' id='word_1_117' title='bbox 735 1919 771 1982; x_wconf 90' lang='lat' dir='ltr'><strong>ni</strong></span> <span class='ocrx_word' id='word_1_118' title='bbox 789 1918 881 2004; x_wconf 89' lang='lat' dir='ltr'><strong>prius</strong></span> <span class='ocrx_word' id='word_1_119' title='bbox 899 1918 955 1984; x_wconf 91' lang='lat' dir='ltr'><strong>hic</strong></span> <span class='ocrx_word' id='word_1_120' title='bbox 975 1918 1074 2003; x_wconf 83' lang='lat' dir='ltr'><strong>digna</strong></span> <span class='ocrx_word' id='word_1_121' title='bbox 1094 1919 1311 1984; x_wconf 81' lang='lat' dir='ltr'><strong>satisfactione</strong></span> <span class='ocrx_word' id='word_1_122' title='bbox 1332 1919 1393 1983; x_wconf 90' lang='lat' dir='ltr'><strong>hn-</strong></span> 
     </span>
     <span class='ocr_line' id='line_1_16' title="bbox 289 2021 1394 2107; baseline 0.002 -22"><span class='ocrx_word' id='word_1_123' title='bbox 289 2021 376 2085; x_wconf 87' lang='lat' dir='ltr'><strong>milis</strong></span> <span class='ocrx_word' id='word_1_124' title='bbox 400 2021 575 2107; x_wconf 87' lang='lat' dir='ltr'><strong>penituerit</strong></span> <span class='ocrx_word' id='word_1_125' title='bbox 596 2022 682 2106; x_wconf 90' lang='lat' dir='ltr'><strong>quod</strong></span> <span class='ocrx_word' id='word_1_126' title='bbox 703 2030 817 2086; x_wconf 84' lang='lat' dir='ltr'><strong>eontra</strong></span> <span class='ocrx_word' id='word_1_127' title='bbox 834 2029 978 2087; x_wconf 73' lang='lat' dir='ltr'><strong>sanctam</strong></span> <span class='ocrx_word' id='word_1_128' title='bbox 999 2022 1063 2087; x_wconf 88' lang='lat' dir='ltr'><strong>Dei</strong></span> <span class='ocrx_word' id='word_1_129' title='bbox 1084 2022 1242 2088; x_wconf 70' lang='lat' dir='ltr'><strong>eeclesiam</strong></span> <span class='ocrx_word' id='word_1_130' title='bbox 1264 2022 1394 2087; x_wconf 86' lang='lat' dir='ltr'><strong>rebellis</strong></span> 
     </span>
     <span class='ocr_line' id='line_1_17' title="bbox 289 2125 1392 2211; baseline 0 -21"><span class='ocrx_word' id='word_1_131' title='bbox 289 2146 384 2208; x_wconf 85' lang='lat' dir='ltr'><strong>agere</strong></span> <span class='ocrx_word' id='word_1_132' title='bbox 402 2126 628 2211; x_wconf 72' lang='lat' dir='ltr'><strong>presumpsit3</strong></span> <span class='ocrx_word' id='word_1_133' title='bbox 650 2147 711 2191; x_wconf 91' lang='lat' dir='ltr'><strong>nec</strong></span> <span class='ocrx_word' id='word_1_134' title='bbox 732 2126 767 2190; x_wconf 94' lang='lat' dir='ltr'><strong>in</strong></span> <span class='ocrx_word' id='word_1_135' title='bbox 789 2126 857 2190; x_wconf 84' lang='lat' dir='ltr'><strong>vita</strong></span> <span class='ocrx_word' id='word_1_136' title='bbox 877 2125 940 2191; x_wconf 89' lang='lat' dir='ltr'><strong>hac</strong></span> <span class='ocrx_word' id='word_1_137' title='bbox 960 2125 1102 2210; x_wconf 85' lang='lat' dir='ltr'><strong>practica</strong></span> <span class='ocrx_word' id='word_1_138' title='bbox 1118 2126 1257 2206; x_wconf 84' lang='lat' dir='ltr'><strong>reniam,</strong></span> <span class='ocrx_word' id='word_1_139' title='bbox 1278 2147 1340 2191; x_wconf 93' lang='lat' dir='ltr'><strong>nec</strong></span> <span class='ocrx_word' id='word_1_140' title='bbox 1355 2126 1392 2189; x_wconf 92' lang='lat' dir='ltr'><strong>in</strong></span> 
     </span>
     <span class='ocr_line' id='line_1_18' title="bbox 294 2228 1393 2314; baseline 0.002 -21"><span class='ocrx_word' id='word_1_141' title='bbox 294 2228 472 2313; x_wconf 88' lang='lat' dir='ltr'><strong>[the]orica</strong></span> <span class='ocrx_word' id='word_1_142' title='bbox 499 2229 644 2314; x_wconf 86' lang='lat' dir='ltr'><strong>requiem</strong></span> <span class='ocrx_word' id='word_1_143' title='bbox 676 2236 824 2314; x_wconf 82' lang='lat' dir='ltr'><strong>apostete</strong></span> <span class='ocrx_word' id='word_1_144' title='bbox 853 2228 1000 2313; x_wconf 87' lang='lat' dir='ltr'><strong>optineat</strong></span> <span class='ocrx_word' id='word_1_145' title='bbox 1026 2228 1137 2309; x_wconf 86' lang='lat' dir='ltr'><strong>ullam,</strong></span> <span class='ocrx_word' id='word_1_146' title='bbox 1171 2228 1228 2293; x_wconf 92' lang='lat' dir='ltr'><strong>sed</strong></span> <span class='ocrx_word' id='word_1_147' title='bbox 1263 2230 1393 2295; x_wconf 73' lang='lat' dir='ltr'><strong>eternis</strong></span> 
     </span>
     <span class='ocr_line' id='line_1_19' title="bbox 288 2328 1255 2416; baseline 0 -19"><span class='ocrx_word' id='word_1_148' title='bbox 288 2330 432 2397; x_wconf 84' lang='lat' dir='ltr'><strong>barathri</strong></span> <span class='ocrx_word' id='word_1_149' title='bbox 446 2330 602 2397; x_wconf 86' lang='lat' dir='ltr'><strong>incendiis</strong></span> <span class='ocrx_word' id='word_1_150' title='bbox 615 2339 724 2396; x_wconf 70' lang='lat' dir='ltr'><strong>husus</strong></span> <span class='ocrx_word' id='word_1_151' title='bbox 735 2330 859 2416; x_wconf 79' lang='lat' dir='ltr'><strong>jugiter</strong></span> <span class='ocrx_word' id='word_1_152' title='bbox 871 2328 1072 2395; x_wconf 86' lang='lat' dir='ltr'><strong>miserrimos</strong></span> <span class='ocrx_word' id='word_1_153' title='bbox 1084 2330 1255 2397; x_wconf 80' lang='lat' dir='ltr'><strong>crucietur.</strong></span> 
     </span>
    </p>

    <p class='ocr_par' dir='ltr' id='par_1_3' title="bbox 278 2433 1393 3034">
     <span class='ocr_line' id='line_1_20' title="bbox 331 2433 1391 2517; baseline -0.002 -18"><span class='ocrx_word' id='word_1_154' title='bbox 331 2437 430 2499; x_wconf 91' lang='lat' dir='ltr'><strong>Anno</strong></span> <span class='ocrx_word' id='word_1_155' title='bbox 459 2434 630 2501; x_wconf 89' lang='lat' dir='ltr'><strong>Dominioe</strong></span> <span class='ocrx_word' id='word_1_156' title='bbox 655 2434 898 2513; x_wconf 78' lang='lat' dir='ltr'><strong>incarnationis,</strong></span> <span class='ocrx_word' id='word_1_157' title='bbox 928 2440 967 2498; x_wconf 90' lang='lat' dir='ltr'><strong>ut</strong></span> <span class='ocrx_word' id='word_1_158' title='bbox 995 2433 1140 2517; x_wconf 71' lang='lat' dir='ltr'><strong>predixi,</strong></span> <span class='ocrx_word' id='word_1_159' title='bbox 1166 2454 1391 2515; x_wconf 73' lang='lat' dir='ltr'><strong>rocconem,</strong></span> 
     </span>
     <span class='ocr_line' id='line_1_21' title="bbox 288 2534 1393 2623; baseline -0.003 -18"><span class='ocrx_word' id='word_1_160' title='bbox 288 2538 407 2606; x_wconf 89' lang='lat' dir='ltr'><strong>Indiot.</strong></span> <span class='ocrx_word' id='word_1_161' title='bbox 425 2559 484 2619; x_wconf 75' lang='lat' dir='ltr'><strong>vc,</strong></span> <span class='ocrx_word' id='word_1_162' title='bbox 503 2537 685 2604; x_wconf 88' lang='lat' dir='ltr'><strong>humillimo</strong></span> <span class='ocrx_word' id='word_1_163' title='bbox 702 2544 818 2623; x_wconf 84' lang='lat' dir='ltr'><strong>rogatu</strong></span> <span class='ocrx_word' id='word_1_164' title='bbox 836 2535 953 2622; x_wconf 84' lang='lat' dir='ltr'><strong>prefati</strong></span> <span class='ocrx_word' id='word_1_165' title='bbox 971 2542 1005 2601; x_wconf 90' lang='lat' dir='ltr'><strong>et</strong></span> <span class='ocrx_word' id='word_1_166' title='bbox 1024 2535 1131 2600; x_wconf 85' lang='lat' dir='ltr'><strong>devoti</strong></span> <span class='ocrx_word' id='word_1_167' title='bbox 1151 2534 1280 2602; x_wconf 83' lang='lat' dir='ltr'><strong>abbatis</strong></span> <span class='ocrx_word' id='word_1_168' title='bbox 1295 2536 1393 2602; x_wconf 71' lang='lat' dir='ltr'><strong>Uult-</strong></span> 
     </span>
     <span class='ocr_line' id='line_1_22' title="bbox 278 2639 1393 2727; baseline 0 -19"><span class='ocrx_word' id='word_1_169' title='bbox 278 2643 367 2726; x_wconf 60' lang='grc' dir='ltr'><strong>μή,</strong></span> <span class='ocrx_word' id='word_1_170' title='bbox 392 2642 547 2727; x_wconf 79' lang='lat' dir='ltr'><strong>scriptum</strong></span> <span class='ocrx_word' id='word_1_171' title='bbox 567 2648 617 2707; x_wconf 82' lang='lat' dir='ltr'><strong>est</strong></span> <span class='ocrx_word' id='word_1_172' title='bbox 635 2641 733 2726; x_wconf 83' lang='lat' dir='ltr'><strong>hujus</strong></span> <span class='ocrx_word' id='word_1_173' title='bbox 752 2647 913 2706; x_wconf 72' lang='lat' dir='ltr'><strong>renovate</strong></span> <span class='ocrx_word' id='word_1_174' title='bbox 932 2639 1091 2704; x_wconf 87' lang='lat' dir='ltr'><strong>libertatis</strong></span> <span class='ocrx_word' id='word_1_175' title='bbox 1107 2639 1320 2724; x_wconf 84' lang='lat' dir='ltr'><strong>privilegium,</strong></span> <span class='ocrx_word' id='word_1_176' title='bbox 1341 2641 1393 2708; x_wconf 86' lang='lat' dir='ltr'><strong>his</strong></span> 
     </span>
     <span class='ocr_line' id='line_1_23' title="bbox 286 2740 1392 2827; baseline -0.003 -17"><span class='ocrx_word' id='word_1_177' title='bbox 286 2745 424 2812; x_wconf 79' lang='lat' dir='ltr'><strong>testibus</strong></span> <span class='ocrx_word' id='word_1_178' title='bbox 445 2742 720 2809; x_wconf 85' lang='lat' dir='ltr'><strong>consentientibus</strong></span> <span class='ocrx_word' id='word_1_179' title='bbox 742 2763 882 2827; x_wconf 85' lang='lat' dir='ltr'><strong>qnorum</strong></span> <span class='ocrx_word' id='word_1_180' title='bbox 903 2740 1039 2806; x_wconf 84' lang='lat' dir='ltr'><strong>inferius</strong></span> <span class='ocrx_word' id='word_1_181' title='bbox 1055 2740 1196 2821; x_wconf 87' lang='lat' dir='ltr'><strong>nomina,</strong></span> <span class='ocrx_word' id='word_1_182' title='bbox 1214 2742 1392 2808; x_wconf 87' lang='lat' dir='ltr'><strong>secundum</strong></span> 
     </span>
     <span class='ocr_line' id='line_1_24' title="bbox 286 2843 1393 2932; baseline 0 -20"><span class='ocrx_word' id='word_1_183' title='bbox 286 2845 539 2932; x_wconf 63' lang='lat' dir='ltr'><strong>uuiuscujusque</strong></span> <span class='ocrx_word' id='word_1_184' title='bbox 555 2846 610 2930; x_wconf 83' lang='lat' dir='ltr'><strong>dig</strong></span> <span class='ocrx_word' id='word_1_185' title='bbox 617 2846 694 2930; x_wconf 86' lang='lat' dir='ltr'><strong>[nit]</strong></span> <span class='ocrx_word' id='word_1_186' title='bbox 702 2853 788 2914; x_wconf 84' lang='lat' dir='ltr'><strong>atem</strong></span> <span class='ocrx_word' id='word_1_187' title='bbox 806 2844 975 2932; x_wconf 85' lang='lat' dir='ltr'><strong>utriusque</strong></span> <span class='ocrx_word' id='word_1_188' title='bbox 992 2843 1114 2909; x_wconf 81' lang='lat' dir='ltr'><strong>ordinis</strong></span> <span class='ocrx_word' id='word_1_189' title='bbox 1132 2843 1310 2910; x_wconf 84' lang='lat' dir='ltr'><strong>decusatim</strong></span> <span class='ocrx_word' id='word_1_190' title='bbox 1323 2847 1393 2912; x_wconf 92' lang='lat' dir='ltr'><strong>Do-</strong></span> 
     </span>
     <span class='ocr_line' id='line_1_25' title="bbox 284 2949 806 3034; baseline -0.006 -19"><span class='ocrx_word' id='word_1_191' title='bbox 284 2950 375 3015; x_wconf 89' lang='lat' dir='ltr'><strong>mino</strong></span> <span class='ocrx_word' id='word_1_192' title='bbox 390 2949 583 3034; x_wconf 86' lang='lat' dir='ltr'><strong>disponente</strong></span> <span class='ocrx_word' id='word_1_193' title='bbox 596 2949 806 3014; x_wconf 79' lang='lat' dir='ltr'><strong>karsxontur.</strong></span> 
     </span>
    </p>

    <p class='ocr_par' dir='ltr' id='par_1_4' title="bbox 285 3049 1393 3238">
     <span class='ocr_line' id='line_1_26' title="bbox 331 3049 1393 3138; baseline 0.001 -21"><span class='ocrx_word' id='word_1_194' title='bbox 331 3053 371 3136; x_wconf 74' lang='lat'><strong>›1‹</strong></span> <span class='ocrx_word' id='word_1_195' title='bbox 387 3053 458 3134; x_wconf 81' lang='lat' dir='ltr'><strong>Ego</strong></span> <span class='ocrx_word' id='word_1_196' title='bbox 488 3049 650 3138; x_wconf 66' lang='lat' dir='ltr'><strong>AEbelred,</strong></span> <span class='ocrx_word' id='word_1_197' title='bbox 674 3049 870 3117; x_wconf 77' lang='lat' dir='ltr'><strong>Brittannioe</strong></span> <span class='ocrx_word' id='word_1_198' title='bbox 898 3049 1080 3135; x_wconf 78' lang='lat' dir='ltr'><strong>Anglorum</strong></span> <span class='ocrx_word' id='word_1_199' title='bbox 1102 3050 1307 3132; x_wconf 87' lang='lat' dir='ltr'><strong>monarchus,</strong></span> <span class='ocrx_word' id='word_1_200' title='bbox 1330 3051 1393 3118; x_wconf 93' lang='lat' dir='ltr'><strong>hoc</strong></span> 
     </span>
     <span class='ocr_line' id='line_1_27' title="bbox 285 3150 760 3238; baseline -0.004 -20"><span class='ocrx_word' id='word_1_201' title='bbox 285 3161 398 3218; x_wconf 78' lang='lat' dir='ltr'><strong>tauma</strong></span> <span class='ocrx_word' id='word_1_202' title='bbox 403 3154 452 3238; x_wconf 89' lang='lat' dir='ltr'><strong>[te</strong></span> <span class='ocrx_word' id='word_1_203' title='bbox 466 3152 590 3236; x_wconf 85' lang='lat' dir='ltr'><strong>cruci]s</strong></span> <span class='ocrx_word' id='word_1_204' title='bbox 603 3150 760 3216; x_wconf 81' lang='lat' dir='ltr'><strong>roboravi.</strong></span> 
     </span>
    </p>

    <p class='ocr_par' dir='ltr' id='par_1_5' title="bbox 285 3253 1392 3442">
     <span class='ocr_line' id='line_1_28' title="bbox 330 3253 1392 3343; baseline 0.002 -23"><span class='ocrx_word' id='word_1_205' title='bbox 330 3260 370 3338; x_wconf 71' lang='lat'><strong>›1‹</strong></span> <span class='ocrx_word' id='word_1_206' title='bbox 387 3256 458 3339; x_wconf 84' lang='lat' dir='ltr'><strong>Ego</strong></span> <span class='ocrx_word' id='word_1_207' title='bbox 483 3253 617 3339; x_wconf 82' lang='lat' dir='ltr'><strong>Sigeric,</strong></span> <span class='ocrx_word' id='word_1_208' title='bbox 633 3254 890 3322; x_wconf 80' lang='lat' dir='ltr'><strong>Dorobem0nsis</strong></span> <span class='ocrx_word' id='word_1_209' title='bbox 907 3254 1059 3320; x_wconf 70' lang='lat' dir='ltr'><strong>ecclesian</strong></span> <span class='ocrx_word' id='word_1_210' title='bbox 1077 3254 1231 3343; x_wconf 68' lang='lat' dir='ltr'><strong>archieps,</strong></span> <span class='ocrx_word' id='word_1_211' title='bbox 1247 3257 1392 3341; x_wconf 87' lang='lat' dir='ltr'><strong>ejusdem</strong></span> 
     </span>
     <span class='ocr_line' id='line_1_29' title="bbox 285 3356 871 3442; baseline -0.003 -18"><span class='ocrx_word' id='word_1_212' title='bbox 285 3357 370 3442; x_wconf 88' lang='lat' dir='ltr'><strong>regis</strong></span> <span class='ocrx_word' id='word_1_213' title='bbox 383 3357 479 3422; x_wconf 86' lang='lat' dir='ltr'><strong>heniv</strong></span> <span class='ocrx_word' id='word_1_214' title='bbox 485 3356 563 3440; x_wconf 91' lang='lat' dir='ltr'><strong>[ole]</strong></span> <span class='ocrx_word' id='word_1_215' title='bbox 570 3357 673 3422; x_wconf 89' lang='lat' dir='ltr'><strong>utiam</strong></span> <span class='ocrx_word' id='word_1_216' title='bbox 687 3357 871 3442; x_wconf 76' lang='lat' dir='ltr'><strong>mbsoripsi.</strong></span> 
     </span>
    </p>

    <p class='ocr_par' dir='ltr' id='par_1_6' title="bbox 285 3459 1392 3633">
     <span class='ocr_line' id='line_1_30' title="bbox 330 3459 1392 3547; baseline -0.003 -18"><span class='ocrx_word' id='word_1_217' title='bbox 330 3467 370 3545; x_wconf 72' lang='lat'><strong>›1‹</strong></span> <span class='ocrx_word' id='word_1_218' title='bbox 387 3461 459 3544; x_wconf 77' lang='lat' dir='ltr'><strong>Ego</strong></span> <span class='ocrx_word' id='word_1_219' title='bbox 479 3459 620 3524; x_wconf 82' lang='lat' dir='ltr'><strong>AElfstsn</strong></span> <span class='ocrx_word' id='word_1_220' title='bbox 637 3460 877 3530; x_wconf 81' lang='lat' dir='ltr'><strong>hundeniensis</strong></span> <span class='ocrx_word' id='word_1_221' title='bbox 896 3461 985 3526; x_wconf 78' lang='lat' dir='ltr'><strong>aecioe</strong></span> <span class='ocrx_word' id='word_1_222' title='bbox 1008 3462 1064 3547; x_wconf 72' lang='lat' dir='ltr'><strong>eps</strong></span> <span class='ocrx_word' id='word_1_223' title='bbox 1083 3460 1168 3526; x_wconf 89' lang='lat' dir='ltr'><strong>hanc</strong></span> <span class='ocrx_word' id='word_1_224' title='bbox 1181 3459 1268 3545; x_wconf 84' lang='lat' dir='ltr'><strong>regis</strong></span> <span class='ocrx_word' id='word_1_225' title='bbox 1283 3461 1392 3526; x_wconf 90' lang='lat' dir='ltr'><strong>muni-</strong></span> 
     </span>
     <span class='ocr_line' id='line_1_31' title="bbox 285 3564 874 3633; baseline 0 -2"><span class='ocrx_word' id='word_1_226' title='bbox 285 3564 448 3631; x_wconf 85' lang='lat' dir='ltr'><strong>ficentiam</strong></span> <span class='ocrx_word' id='word_1_227' title='bbox 463 3564 660 3633; x_wconf 82' lang='lat' dir='ltr'><strong>confirmavi.</strong></span> <span class='ocrx_word' id='word_1_228' title='bbox 871 3627 874 3631; x_wconf 78' lang='grc'><em>,</em></span> 
     </span>
    </p>

    <p class='ocr_par' dir='ltr' id='par_1_7' title="bbox 283 3665 1392 3838">
     <span class='ocr_line' id='line_1_32' title="bbox 328 3665 1392 3753; baseline -0.002 -20"><span class='ocrx_word' id='word_1_229' title='bbox 328 3673 368 3751; x_wconf 72' lang='lat'><strong>›1‹</strong></span> <span class='ocrx_word' id='word_1_230' title='bbox 384 3669 457 3750; x_wconf 82' lang='lat' dir='ltr'><strong>Ego</strong></span> <span class='ocrx_word' id='word_1_231' title='bbox 485 3667 640 3732; x_wconf 79' lang='lat' dir='ltr'><strong>AElihoah</strong></span> <span class='ocrx_word' id='word_1_232' title='bbox 670 3665 920 3732; x_wconf 87' lang='lat' dir='ltr'><strong>Uuintoniensis</strong></span> <span class='ocrx_word' id='word_1_233' title='bbox 947 3667 1037 3732; x_wconf 70' lang='lat' dir='ltr'><strong>secie</strong></span> <span class='ocrx_word' id='word_1_234' title='bbox 1065 3668 1123 3753; x_wconf 70' lang='lat' dir='ltr'><strong>eps</strong></span> <span class='ocrx_word' id='word_1_235' title='bbox 1150 3665 1235 3731; x_wconf 83' lang='lat' dir='ltr'><strong>benc</strong></span> <span class='ocrx_word' id='word_1_236' title='bbox 1259 3686 1392 3731; x_wconf 86' lang='lat' dir='ltr'><strong>renova·</strong></span> 
     </span>
     <span class='ocr_line' id='line_1_33' title="bbox 283 3769 804 3838; baseline -0.01 0"><span class='ocrx_word' id='word_1_237' title='bbox 283 3771 382 3838; x_wconf 87' lang='lat' dir='ltr'><strong>tionis</strong></span> <span class='ocrx_word' id='word_1_238' title='bbox 396 3770 578 3838; x_wconf 85' lang='lat' dir='ltr'><strong>libertatem</strong></span> <span class='ocrx_word' id='word_1_239' title='bbox 593 3769 804 3836; x_wconf 84' lang='lat' dir='ltr'><strong>corroboravi.</strong></span> 
     </span>
    </p>

    <p class='ocr_par' dir='ltr' id='par_1_8' title="bbox 212 3871 1390 4064">
     <span class='ocr_line' id='line_1_34' title="bbox 212 3871 1390 3959; baseline -0.003 -19"><span class='ocrx_word' id='word_1_240' title='bbox 212 3921 227 3952; x_wconf 83' lang='grc'><strong>.</strong></span> <span class='ocrx_word' id='word_1_241' title='bbox 327 3880 367 3958; x_wconf 71' lang='lat'><strong>›1‹</strong></span> <span class='ocrx_word' id='word_1_242' title='bbox 384 3876 455 3958; x_wconf 80' lang='lat' dir='ltr'><strong>Ego</strong></span> <span class='ocrx_word' id='word_1_243' title='bbox 475 3873 589 3940; x_wconf 82' lang='lat' dir='ltr'><strong>AElfrio</strong></span> <span class='ocrx_word' id='word_1_244' title='bbox 612 3872 818 3939; x_wconf 82' lang='lat' dir='ltr'><strong>Corvinensis</strong></span> <span class='ocrx_word' id='word_1_245' title='bbox 839 3871 1017 3956; x_wconf 68' lang='lat' dir='ltr'><strong>parrochiae</strong></span> <span class='ocrx_word' id='word_1_246' title='bbox 1037 3874 1103 3959; x_wconf 70' lang='lat' dir='ltr'><strong>eps,</strong></span> <span class='ocrx_word' id='word_1_247' title='bbox 1126 3893 1199 3956; x_wconf 82' lang='lat' dir='ltr'><strong>quoe</strong></span> <span class='ocrx_word' id='word_1_248' title='bbox 1220 3872 1390 3958; x_wconf 72' lang='lat' dir='ltr'><strong>praefatum</strong></span> 
     </span>
     <span class='ocr_line' id='line_1_35' title="bbox 283 3974 1330 4064; baseline -0.003 -20"><span class='ocrx_word' id='word_1_249' title='bbox 283 3981 407 4064; x_wconf 83' lang='lat' dir='ltr'><strong>adjacet</strong></span> <span class='ocrx_word' id='word_1_250' title='bbox 421 3976 663 4055; x_wconf 85' lang='lat' dir='ltr'><strong>monasterium,</strong></span> <span class='ocrx_word' id='word_1_251' title='bbox 678 3975 755 4040; x_wconf 90' lang='lat' dir='ltr'><strong>huic</strong></span> <span class='ocrx_word' id='word_1_252' title='bbox 770 3974 855 4039; x_wconf 90' lang='lat' dir='ltr'><strong>dono</strong></span> <span class='ocrx_word' id='word_1_253' title='bbox 869 3981 1015 4041; x_wconf 76' lang='lat' dir='ltr'><strong>sanctem</strong></span> <span class='ocrx_word' id='word_1_254' title='bbox 1028 3996 1158 4041; x_wconf 74' lang='lat' dir='ltr'><strong>mucem</strong></span> <span class='ocrx_word' id='word_1_255' title='bbox 1172 3975 1330 4059; x_wconf 85' lang='lat' dir='ltr'><strong>impressi.</strong></span> 
     </span>
    </p>

    <p class='ocr_par' dir='ltr' id='par_1_9' title="bbox 282 4075 1391 4264">
     <span class='ocr_line' id='line_1_36' title="bbox 325 4075 1391 4166; baseline -0.004 -18"><span class='ocrx_word' id='word_1_256' title='bbox 325 4085 366 4163; x_wconf 59' lang='grc' dir='ltr'><strong>»Β</strong></span> <span class='ocrx_word' id='word_1_257' title='bbox 381 4081 454 4163; x_wconf 78' lang='lat' dir='ltr'><strong>Ego</strong></span> <span class='ocrx_word' id='word_1_258' title='bbox 489 4078 654 4157; x_wconf 80' lang='lat' dir='ltr'><strong>AEliheah,</strong></span> <span class='ocrx_word' id='word_1_259' title='bbox 692 4075 936 4147; x_wconf 81' lang='lat' dir='ltr'><strong>Lieetfeldcnsis</strong></span> <span class='ocrx_word' id='word_1_260' title='bbox 967 4081 1056 4144; x_wconf 74' lang='lat' dir='ltr'><strong>aecite</strong></span> <span class='ocrx_word' id='word_1_261' title='bbox 1092 4081 1158 4166; x_wconf 69' lang='lat' dir='ltr'><strong>eps,</strong></span> <span class='ocrx_word' id='word_1_262' title='bbox 1191 4078 1391 4144; x_wconf 86' lang='lat' dir='ltr'><strong>testudinem</strong></span> 
     </span>
     <span class='ocr_line' id='line_1_37' title="bbox 282 4169 712 4264; baseline -0.012 -16"><span class='ocrx_word' id='word_1_263' title='bbox 282 4189 402 4248; x_wconf 77' lang='lat' dir='ltr'><strong>sancte</strong></span> <span class='ocrx_word' id='word_1_264' title='bbox 417 4180 523 4246; x_wconf 87' lang='lat' dir='ltr'><strong>crucis</strong></span> <span class='ocrx_word' id='word_1_265' title='bbox 537 4179 678 4264; x_wconf 84' lang='lat' dir='ltr'><strong>depinxi.</strong></span> <span class='ocrx_word' id='word_1_266' title='bbox 708 4169 712 4178; x_wconf 77' lang='grc'><strong>’</strong></span> 
     </span>
    </p>

    <p class='ocr_par' dir='ltr' id='par_1_10' title="bbox 281 4280 1389 4457">
     <span class='ocr_line' id='line_1_38' title="bbox 309 4280 1389 4372; baseline 0.001 -24"><span class='ocrx_word' id='word_1_267' title='bbox 309 4287 366 4365; x_wconf 51' lang='grc' dir='ltr'><strong>ἦ(</strong></span> <span class='ocrx_word' id='word_1_268' title='bbox 383 4283 455 4367; x_wconf 75' lang='lat' dir='ltr'><strong>Ego</strong></span> <span class='ocrx_word' id='word_1_269' title='bbox 477 4281 626 4366; x_wconf 79' lang='lat' dir='ltr'><strong>AEscwig,</strong></span> <span class='ocrx_word' id='word_1_270' title='bbox 648 4280 841 4347; x_wconf 86' lang='lat' dir='ltr'><strong>Dorccensis</strong></span> <span class='ocrx_word' id='word_1_271' title='bbox 859 4284 949 4348; x_wconf 69' lang='lat' dir='ltr'><strong>asciae</strong></span> <span class='ocrx_word' id='word_1_272' title='bbox 972 4285 1038 4372; x_wconf 68' lang='lat' dir='ltr'><strong>esra,</strong></span> <span class='ocrx_word' id='word_1_273' title='bbox 1055 4283 1118 4349; x_wconf 94' lang='lat' dir='ltr'><strong>hoo</strong></span> <span class='ocrx_word' id='word_1_274' title='bbox 1138 4283 1246 4369; x_wconf 82' lang='lat' dir='ltr'><strong>regale</strong></span> <span class='ocrx_word' id='word_1_275' title='bbox 1267 4283 1389 4349; x_wconf 90' lang='lat' dir='ltr'><strong>donum</strong></span> 
     </span>
     <span class='ocr_line' id='line_1_39' title="bbox 281 4385 831 4457; baseline 0.002 -7"><span class='ocrx_word' id='word_1_276' title='bbox 281 4385 491 4457; x_wconf 82' lang='lat' dir='ltr'><strong>consolidavi.</strong></span> <span class='ocrx_word' id='word_1_277' title='bbox 826 4411 831 4419; x_wconf 93' lang='lat'>·</span> 
     </span>
    </p>
   </div>
   <div class='ocr_carea' id='block_1_3' title="bbox 0 0 1622 5125">
    <p class='ocr_par' dir='ltr' id='par_1_11' title="bbox 0 0 1622 5125">
     <span class='ocr_line' id='line_1_40' title="bbox 0 0 1622 5125; baseline 0 2"><span class='ocrx_word' id='word_1_278' title='bbox 0 0 1622 5125; x_wconf 95' lang='lat' dir='ltr'><strong> </strong></span> 
     </span>
    </p>
   </div>
  </div>
 </body>
</html>
