3234 5125
301 435 354 489 874
577 436 899 493 MISOELLANEOUS
918 434 1133 492 CHARTERS.

453 656 616 713 OSWULF
633 658 714 713 AND
732 656 949 713 AETHELITH.
985 655 1267 712 munt-rama

351 802 424 865 Hec
443 809 493 867 est
508 804 632 867 cartula
647 826 709 889 que
729 805 931 869 demonstrat
945 804 1194 867 convencionem
1209 803 1299 867 illam
1313 824 1412 888 quam

305 903 451 968 iecerrmt
466 906 627 971 Oswulfus
650 914 682 971 et
697 906 839 995 AEtiliba
859 927 941 971 uxor
963 928 1022 970 sua
1043 928 1118 970 cum
1140 906 1273 972 domino
1294 906 1411 971 abbate

307 1006 483 1073 Leofstano
501 1017 534 1073 et
554 1009 721 1074 monachis
740 1009 874 1090 ecclesie¹
890 1009 1004 1074 Sancti
1017 1008 1148 1088 Albam,
1165 1009 1294 1093 quando
1310 1009 1411 1073 intro-

305 1108 414 1173 ierunt
431 1110 466 1173 in
485 1111 721 1177 fraternitatem
743 1112 884 1177 illorum.
941 1112 1110 1176 Dederunt
1133 1121 1243 1176 antem
1264 1112 1411 1196 inprimis

306 1214 467 1278 Oswulfirs
491 1223 523 1279 et
541 1216 691 1303 AEteliita
712 1237 794 1281 uxor
818 1238 877 1280 sua
901 1215 1034 1280 domino
1055 1216 1164 1281 abbati
1183 1216 1356 1281 Leofstano
1377 1223 1412 1279 et

306 1318 473 1382 monachis
501 1318 634 1384 ecclesie
658 1319 770 1385 Sancti
796 1318 917 1385 Albani
942 1318 982 1383 ad
1004 1319 1176 1383 introitum
1200 1318 1412 1383 fraternitatis

306 1420 492 1485 eorumdem
513 1430 644 1507 propter
667 1422 836 1487 caritatem
851 1420 910 1486 rrx‘¹
927 1424 999 1500 sot„
1015 1420 1266 1505 obtuleruntque
1281 1422 1352 1485 Deo
1373 1442 1411 1485 ac

306 1532 419 1587 sancto
448 1526 517 1608 ejus
547 1526 684 1610 martyri
713 1526 843 1590 Albano
872 1546 948 1590 cum
977 1546 1096 1607 magna
1121 1523 1294 1588 devocione
1321 1524 1411 1587 illam
1490 1598 1496 1605 ι

307 1632 427 1691 terram
442 1649 505 1710 que
520 1628 639 1693 dicitur
653 1636 697 1693 aet
707 1629 876 1708 Stodham,
887 1627 983 1693 sicuti
996 1627 1059 1711 ipsi
1074 1627 1164 1691 illam
1178 1648 1217 1690 ea
1231 1626 1284 1691 die
1297 1626 1413 1691 melius

307 1729 515 1812 possiderent.
576 1731 680 1814 quue
706 1732 829 1797 motum
857 1739 908 1795 est
931 1751 1006 1794 cum
1035 1750 1195 1795 consensu
1217 1750 1255 1793 ac
1278 1729 1413 1793 licencia

306 1831 391 1915 regis
405 1834 593 1898 Eadweardi
607 1842 704 1919 atque
718 1836 830 1917 regine
838 1832 1001 1919 Eadgybe,
1017 1832 1149 1911 scilicet,
1165 1839 1203 1895 ut
1217 1840 1250 1895 et
1264 1831 1326 1915 ipsi
1340 1852 1424 1915 par-A

307 1936 421 2020 ticipes
445 1946 551 2001 essent
570 1937 664 2003 istius
685 1938 764 2002 doni
785 1945 820 2002 et
837 1936 1063 2002 retribucionis
1084 1935 1227 2018 ejusdem
1249 1943 1414 1999 consortes

308 2040 344 2103 in
366 2060 465 2123 regno
487 2041 639 2107 celorum.
685 2041 754 2126 Ipsi
769 2041 1023 2120 autem‚scilioet
1038 2040 1200 2105 Oswulfus
1215 2046 1248 2103 et
1259 2039 1412 2125 AEbelipa,

308 2144 370 2208 hoc
393 2143 515 2208 donum
537 2146 609 2211 Deo
632 2152 665 2209 et
692 2146 813 2209 Sancto
842 2142 990 2209 fecenmt
1010 2142 1139 2207 Albano
1162 2162 1221 2225 pro
1245 2141 1414 2205 animabus

309 2268 421 2311 eorum
441 2256 697 2333 cimetommquc
717 2248 1031 2331 consanguineorum
1052 2267 1195 2323 suorum,
1212 2245 1364 2328 quatinus
1376 2244 1412 2307 in

306 2349 419 2415 fotum
430 2350 553 2434 judicio
567 2352 694 2416 veniam
715 2357 900 2414 mereantur
914 2350 1077 2436 percipere
1095 2355 1318 2432 peccatorum3
1341 2368 1412 2431 spe-

309 2451 422 2516 cialiua
450 2462 559 2517 tamen
583 2454 640 2517 illa
662 2452 780 2517 nobilis
803 2461 964 2530 matrona,
988 2450 1137 2515 videlicet
1161 2450 1315 2536 AEpeliba
1329 2450 1414 2513 banc

309 2554 520 2622 donacionem
546 2558 616 2623 fieri
638 2556 780 2623 obtinuit
806 2580 827 2621 a
849 2564 997 2641 presente
1026 2553 1158 2621 domino
1187 2576 1256 2634 suo,
1279 2554 1342 2619 boc
1364 2562 1415 2619 est

310 2661 465 2740 Oswulso,
487 2683 545 2746 pro
569 2649 678 2726 anima
702 2660 818 2745 prioris
841 2658 965 2724 domini
986 2659 1038 2721 sui
1057 2658 1135 2737 Ulfi,
1160 2659 1216 2741 qui
1239 2658 1301 2722 sibi
1323 2657 1414 2721 illam

309 2763 425 2828 tribuit
448 2765 567 2828 villam.
628 2766 746 2829 Postea
766 2771 877 2826 autem
905 2769 1101 2845 rogaverunt
1126 2761 1223 2824 ambo
1245 2760 1414 2825 dominum

310 2865 459 2930 abbatem
475 2867 685 2932 Leofstanum
707 2874 745 2929 ut
759 2865 901 2929 dedisset
918 2863 964 2928 eis
981 2864 1071 2946 ligna
1090 2863 1131 2926 ad
1149 2863 1359 2927 edificandam
1378 2864 1415 2927 in

310 2968 421 3032 eadem
436 2969 512 3032 villa
533 2969 700 3034 ecclesiam
714 2968 749 3031 in
763 2968 887 3031 bonore
901 2966 1036 3031 Domini
1057 2966 1161 3030 nostri
1176 2966 1280 3030 Jhesu
1293 2967 1416 3031 Christi

309 3077 344 3134 et
366 3071 478 3148 Sancti
497 3071 628 3150 Albani,
644 3079 683 3134 ut
708 3079 741 3134 et
766 3071 827 3135 hec
847 3070 982 3135 ecclesia
1004 3069 1067 3133 sibi
1089 3069 1126 3133 in
1151 3069 1415 3153 specialissimum

310 3173 401 3237 fieret
415 3173 619 3258 proprietatis
631 3173 771 3257 signum,
781 3180 814 3237 et
828 3181 866 3236 ut
881 3195 920 3237 ex
934 3173 991 3236 illa
1005 3173 1057 3236 die
1072 3172 1113 3238 ob
1127 3173 1249 3236 nullius
1263 3181 1415 3236 eventum

310 3296 404 3340 cause
416 3297 487 3340 eam
498 3274 565 3339 ullo
581 3275 677 3339 modo
693 3275 831 3359 amplius
844 3276 982 3339 Sanctus
994 3276 1127 3362 perdere
1137 3283 1245 3358 posset
1253 3274 1401 3340 Albanus
1404 3301 1415 3354 3

310 3399 348 3442 ea
361 3385 472 3442 tamen
487 3378 685 3457 condicione,
700 3385 739 3441 nt
755 3378 909 3462 quamdiu
923 3378 972 3441 illi
985 3371 1129 3443 viverent
1143 3387 1263 3442 terram
1276 3378 1366 3442 illam
1380 3380 1415 3443 in

311 3503 406 3544 suum
423 3503 518 3544 usum
539 3481 707 3560 haberent,
723 3502 797 3544 cum
818 3481 954 3545 licencia
975 3480 1087 3544 domni
1109 3478 1236 3544 abbatis
1250 3481 1417 3546 Leofstani

311 3585 406 3648 simul
426 3593 459 3649 et
473 3586 704 3661 monachorum
714 3613 723 3664 ;
747 3593 780 3649 et
800 3586 864 3650 hoc
883 3586 943 3649 tali
964 3595 1069 3668 pacto,
1086 3584 1172 3668 quod
1194 3584 1236 3648 ob
1257 3585 1352 3649 istius
1368 3587 1417 3651 rei

311 3688 521 3772 agricionem,
534 3709 728 3773 unoquoque
743 3709 830 3752 anno
844 3688 884 3751 ad
892 3687 1015 3751 victum
1029 3687 1156 3771 proprie
1171 3687 1413 3768 monachomm,

310 3813 362 3856 xx.
379 3791 496 3855 solidos
511 3790 634 3870 darent,
652 3791 807 3875 'quamdiu
827 3790 1017 3873 superstites
1036 3789 1099 3874 ipsi
1112 3789 1259 3854 fuissent.
1306 3791 1417 3876 Hujus

311 3894 358 3959 rei
372 3901 471 3958 testes
486 3902 563 3957 sunt
575 3921 581 3958 :
732 3909 744 3972 j
1497 3941 1505 3954 .

354 3997 514 4062 Wufwius
540 3998 716 4080 episcopus,
741 3994 895 4077 Bondius·
917 3995 1105 4074 stabulator,
1130 3994 1328 4076 Burhredus,
1348 3995 1415 4060 Ed-

310 4101 413 4164 winus
444 4100 587 4184 ejusdem
616 4099 711 4176 filius,
737 4097 897 4162 Godricus
926 4098 1087 4176 tribunus,
1120 4096 1303 4162 AElistanus
1331 4099 1416 4163 vioe·

311 4224 427 4282 comes,
458 4201 641 4266 Leofwinus
675 4200 716 4264 dc
740 4199 960 4280 Cedendunej·
974 4208 1143 4285 ceteraque
1171 4200 1418 4266 innumerabilis

311 4304 488 4369 multitudo
512 4304 680 4387 utriusque
697 4324 791 4366 sexus
814 4324 851 4368 ac
871 4303 994 4367 diverse
1012 4303 1125 4382 etatis,
1149 4303 1203 4386 qni
1227 4305 1267 4368 ad
1290 4303 1417 4368 dedica·

312 4409 437 4472 cionem
461 4407 642 4490 supradicte
662 4405 794 4470 ecclesie
820 4405 970 4485 bierunt3
993 4428 1102 4470 coram
1127 4406 1244 4489 quibus
1267 4407 1418 4471 omnibus
