3234 5125
489 438 812 495 MISOELLANEOUS
832 440 1042 497 CHARTERS.
1266 444 1320 497 245

479 678 605 735 sumt}
621 680 793 735 EADGAR.
830 678 1067 736 Dccocfflr

256 822 296 885 In
308 823 440 888 nomine
453 824 588 889 Domini
602 826 706 890 nostri
721 827 823 892 Jhesu
835 824 968 892 Christi.
1021 826 1177 895 Quamvis
1193 825 1321 893 decreta

209 926 400 1008 pontificum
414 935 448 992 et
458 928 556 993 rerba
569 929 771 995 sacerdotum
785 929 981 995 inconvulsis
995 929 1213 1015 ligaminibus,
1222 930 1317 995 velud

212 1027 423 1094 fundamenta
445 1032 621 1110 moncium,
637 1033 701 1096 fixa
726 1040 813 1114 sunt,
838 1041 947 1099 tamen
973 1033 1160 1117 plerumque
1181 1040 1318 1117 tempes-

210 1130 333 1195 tatibus
349 1140 382 1197 et
396 1132 579 1199 turbinibus
593 1135 796 1201 saecularium
810 1156 918 1201 rerum
934 1136 1047 1220 religio
1062 1142 1172 1201 sancte
1187 1135 1317 1201 ecclesie

211 1234 346 1297 maculis
368 1234 577 1319 reproborum
596 1234 770 1320 dissipatur
790 1259 828 1302 ae
849 1238 1019 1322 rumpitur.
1066 1238 1187 1303 Iccirco
1208 1237 1316 1323 profu-

211 1340 324 1398 turum
352 1336 598 1401 succedentibus
616 1338 754 1422 posteris
783 1360 854 1404 esse
883 1339 1091 1418 decrevimus,
1120 1346 1159 1404 ut
1182 1360 1220 1409 ea
1244 1361 1317 1424 quse

211 1435 332 1501 salubri
364 1439 498 1504 consilio
527 1447 561 1504 et
589 1441 754 1505 communi
782 1444 919 1507 'assensu
954 1442 1167 1522 diffiniuntur,
1197 1442 1317 1506 nostris

211 1536 314 1604 literis
339 1540 490 1605 roborata
513 1542 693 1607 firmentur.
738 1544 944 1629 Quapropter
968 1544 1102 1629 dignum
1128 1544 1256 1610 ridetur
1278 1551 1316 1608 ut

210 1641 343 1706 ecclesia
363 1643 548 1708 beatissime
567 1646 631 1710 Dei
652 1645 817 1730 genitricis
847 1666 1034 1731 semperque
1056 1646 1189 1731 virginis
1211 1646 1317 1711 Marie

213 1744 401 1824 Glastoniae,
425 1748 511 1811 sicut
532 1768 571 1813 ex
593 1748 727 1833 antiquo
747 1748 957 1834 principalem
985 1749 1020 1813 in
1041 1770 1142 1834 regno
1164 1770 1237 1814 meo
1258 1748 1315 1813 ob-

211 1848 295 1911 tinet
320 1848 522 1934 dignitatem,
544 1851 592 1915 ita
616 1852 746 1935 speciali
767 1852 906 1937 quadam
928 1859 961 1917 et
983 1853 1139 1937 singulari
1160 1852 1318 1938 privilegii

212 1948 361 2016 libertate
384 1974 441 2037 per
464 1974 525 2018 nos
550 1954 735 2019 honoretur.
786 1956 860 2019 Hoc
885 1955 996 2039 itaque
1017 1957 1189 2020 Dunstsno
1212 1956 1315 2019 Doro-

211 2051 360 2119 bemensi
386 2064 483 2139 atque
504 2056 655 2121 Oswaldo
676 2056 873 2122 Eboracensi
899 2056 1143 2142 archiepiscopis
1168 2056 1317 2122 adortum

212 2157 310 2237 tibus,
325 2158 550 2223 consenciente
569 2159 667 2224 etiam
686 2167 719 2224 et
737 2167 900 2226 annuente
918 2160 1099 2225 Brithelmo
1119 2158 1315 2225 Fontanensi

211 2259 367 2345 episcopo,
388 2261 576 2346 caeterisque
601 2262 767 2347 episcopis,
785 2262 967 2343 abbatibus,
982 2269 1016 2327 et
1035 2262 1237 2348 primatibus,
1257 2284 1317 2347 ego
1399 2322 1407 2337 ‚

212 2362 330 2446 Edgar,
346 2362 454 2427 divina
470 2363 683 2449 disposicione
701 2386 758 2429 rer
776 2364 958 2448 Anglorum
976 2375 1218 2450 ceterarumque
1236 2386 1315 2449 gen·

212 2465 299 2530 oium
326 2466 360 2530 in
392 2466 529 2531 circuitu
562 2466 807 2551 persistentium
838 2466 1035 2551 gubernator
1067 2475 1100 2532 et
1136 2473 1251 2548 rector,
1282 2468 1316 2530 in

213 2571 344 2634 nomine
372 2571 456 2636 alme
481 2571 660 2651 Trinitatis,
688 2592 747 2656 pro
772 2571 880 2636 anima
902 2571 1001 2657 patris
1024 2571 1099 2650 mei,
1122 2572 1178 2656 qui
1198 2571 1246 2636 ibi
1268 2593 1315 2636 re-

213 2673 358 2756 quiescit,
374 2681 407 2737 et
422 2681 659 2738 antecessorum
670 2693 825 2754 meorum,
837 2675 977 2759 presenti
991 2674 1159 2759 privilegio
1170 2673 1315 2754 decerno,

212 2783 330 2856 statuo,
342 2784 376 2840 et
390 2777 556 2856 confirmo,
571 2785 612 2841 ut
620 2776 803 2861 predictum
818 2777 1050 2840 monasterium
1066 2776 1234 2861 omnisque
1244 2797 1317 2860 pos-

212 2879 311 2943 ses‘sio
333 2879 411 2962 ejus,
435 2877 476 2941 ab
496 2879 585 2943 omni
607 2878 731 2943 tributo
754 2878 914 2942 fiscalium
943 2878 1146 2962 negociorum
1170 2899 1258 2943 nuno
1283 2885 1316 2942 et

212 2981 446 3064 imperpetuum
465 2980 566 3045 libera
583 2990 616 3045 et
633 2981 743 3066 quieta
758 2989 980 3064 permaneant,
999 2989 1032 3045 et
1049 2981 1188 3045 habeant
1208 3002 1314 3046 socam

212 3090 246 3146 et
261 3105 368 3146 sacam
388 3104 430 3147 on
447 3081 579 3147 stronde
597 3103 616 3164 3
637 3104 681 3148 on
695 3091 845 3163 streame,
861 3103 879 3166 3
898 3105 939 3148 on
955 3083 1081 3165 wude3
1102 3104 1144 3147 on
1162 3082 1257 3163 felde,
1272 3105 1315 3147 on

211 3185 382 3268 gri’dbrice,
409 3185 466 3269 [on
490 3184 691 3270 burhbrice],
713 3184 860 3250 hundred
879 3193 1001 3265 setena,
1031 3185 1207 3270 [morbasL
1229 3186 1315 3266 adas,

210 3307 229 3369 3
252 3286 395 3364 ordelas3
426 3287 506 3351 ealle
529 3287 645 3350 hordas
664 3287 764 3351 bufan
789 3287 912 3353 corban
933 3309 952 3371 3
973 3288 1160 3368 beneodan,
1190 3288 1315 3372 infang-

210 3391 386 3471 enelieof3
413 3389 692 3474 outfangene'deol,
718 3410 736 3473 Ἰ
763 3390 997 3472 flemeneferde,
1027 3391 1209 3470 hamsocne,
1234 3391 1315 3454 fito.

209 3492 307 3571 brice,
321 3491 463 3569 forsteal,
479 3493 525 3556 tol
544 3511 563 3574 3
579 3500 677 3570 team,
692 3493 739 3556 ita
752 3493 853 3556 libere
867 3501 901 3576 et
917 3493 1026 3578 quiete
1040 3493 1124 3558 siout
1139 3515 1199 3578 ego
1213 3493 1317 3558 habeo

209 3596 245 3658 in
269 3602 340 3658 toto
365 3614 465 3678 regno
492 3615 574 3658 meo.
627 3592 773 3659 Eandem
796 3615 925 3680 quoque
946 3595 1131 3660 libertatem
1154 3603 1188 3659 et
1209 3603 1316 3680 potes·

210 3704 311 3761 tatem
326 3718 423 3781 quarn
438 3717 498 3780 ego
511 3697 547 3759 iu
562 3696 651 3760 cirria
664 3718 737 3761 mea
749 3697 864 3777 habeo,
875 3707 943 3762 tam
960 3698 995 3762 in
1011 3699 1204 3763 dimittendo
1219 3719 1317 3782 quam

209 3801 244 3863 in
267 3798 441 3883 puniendo,
468 3807 501 3863 et
529 3799 565 3863 in
588 3798 703 3882 quibus
732 3799 812 3865 libet
834 3800 965 3866 omnino
987 3800 1138 3883 negociis,
1164 3799 1261 3864 abbas
1284 3806 1318 3864 et
1365 3793 1368 3799 ’
1487 3875 1494 3890 ⁸

209 3902 359 3968 monachi
376 3901 490 3986 prefati
507 3902 696 3966 monasterii
714 3902 750 3965 in
770 3924 830 3966 sua
849 3904 937 3967 curia
956 3903 1108 3968 habeant.
1155 3902 1191 3965 Si
1208 3909 1317 3965 autem

209 4003 307 4069 abbas
323 4004 373 4069 vel
399 4003 535 4089 quilibet
551 4004 728 4068 monachus
742 4005 804 4068 loci
819 4005 906 4068 illius
923 4006 1096 4084 latronem,
1115 4005 1171 4089 qui
1189 4004 1229 4068 ad
1246 4027 1315 4068 sus·

209 4107 362 4192 pendium
384 4108 435 4171 vel
459 4107 624 4190 quodlibet
646 4106 760 4170 mortis
785 4107 965 4190 perieulum
991 4106 1121 4170 ducitur
1141 4107 1177 4169 iu
1200 4106 1316 4171 itinere

209 4210 337 4274 obviam
351 4209 510 4288 habuerit,
525 4217 718 4293 potestatem
733 4209 874 4273 habeant
889 4209 1044 4293 eripiendi
1064 4229 1138 4272 eum
1154 4209 1195 4273 ab
1208 4209 1315 4272 immi·

207 4313 298 4378 nenti
320 4313 462 4397 periculo
483 4312 518 4375 in
540 4321 610 4376 toto
631 4334 732 4395 regno
753 4333 834 4375 meo.
881 4312 1047 4376 Confirmo
1069 4310 1167 4374 etiam
1189 4319 1221 4374 et
1244 4332 1313 4373 cor-
1419 4375 1424 4385 ,

208 4415 324 4480 roboro
343 4425 390 4492 ut,
408 4414 494 4499 quod
514 4415 670 4478 hactenus
691 4415 732 4478 ab
755 4413 904 4478 omuibus
922 4413 1043 4477 nostris
1061 4413 1315 4478 antecessoribus
