3234 5125
686 449 820 504 WILLS.
1253 453 1306 510 585

201 617 378 696 meliorem,
395 640 457 703 que
477 619 540 684 fuit
562 621 738 706 Godg'yue5
761 624 895 688 alteram
914 645 991 690 vero
1011 626 1051 689 ad
1071 627 1304 691 monasterium

202 721 374 812 Ramesige
384 747 393 799 ς
416 728 449 785 et
468 742 676 787 mammeas
695 726 822 808 argenti
842 727 881 790 ad
902 727 1068 792 ecclesiam
1087 729 1200 792 Sancti
1215 730 1303 794 Petri

202 823 306 886 Rome
315 850 325 902 ;
349 832 383 888 et
398 829 480 888 1111oe
493 825 535 889 ad
549 826 663 891 missas
683 829 859 892 cantandas
872 852 931 914 pro
946 831 1054 893 anima
1067 852 1159 910 mea3
1182 839 1215 896 et
1232 854 1301 897 1111.

201 924 240 986 ad
259 926 448 1010 principales
468 929 617 993 ecelesias
637 928 735 1015 hujus
756 939 872 1011 terrae3
895 941 929 998 et
951 933 1114 998 sodalibus
1132 934 1213 998 meis
1231 955 1301 1000 1111.

200 1048 323 1124 marcas
346 1031 427 1110 auri,
443 1039 476 1095 et
498 1052 610 1096 omnes
631 1041 734 1098 terras
755 1055 843 1098 meas
864 1057 942 1119 quas
962 1057 1022 1120 ego
1040 1037 1179 1116 dimitto,
1195 1046 1303 1122 preter

108 1149 114 1163 ·
201 1131 272 1194 illas
288 1131 366 1196 duas
382 1155 461 1216 quas
481 1134 603 1200 Decet
623 1137 743 1201 Sancto
757 1137 887 1201 Albano
901 1139 1053 1203 concessi.
1098 1140 1143 1203 Et
1162 1142 1303 1207 concedo

202 1235 340 1317 Dagfino
368 1257 509 1301 marcam
536 1239 616 1318 auri,
648 1248 681 1302 et
704 1241 815 1305 AEfino
840 1263 879 1307 11.
903 1263 1027 1307 marcas
1057 1245 1193 1327 argenti,
1216 1254 1250 1310 et
1275 1268 1299 1309 1.

201 1358 339 1420 equum,
373 1345 407 1402 et
439 1340 599 1427 AEbclrico
632 1343 781 1408 ministro
815 1365 855 1408 11.
886 1366 1026 1424 marcas3
1062 1354 1096 1409 et
1129 1347 1301 1414 AEdwardo

201 1459 224 1502 r.
241 1462 360 1524 equum
368 1467 378 1519 ‚·
402 1449 435 1505 et
450 1443 586 1526 singulis
608 1443 794 1510 hominibus
808 1447 889 1510 meis
905 1448 960 1532 qni
971 1458 1074 1511 terras
1088 1469 1155 1513 non
1168 1449 1299 1530 habent,

201 1543 344 1626 singulos
367 1565 475 1626 equos.
528 1547 624 1610 Etsi
650 1547 755 1612 adhuc
776 1548 817 1613 de
839 1570 917 1614 auro
942 1549 992 1613 vel
1018 1558 1153 1633 argento
1178 1551 1301 1636 aliquid

201 1654 354 1730 superest,
379 1647 434 1712 ille
457 1649 529 1733 plus
556 1649 674 1714 habeat
699 1651 754 1735 qui
780 1652 853 1736 plus
877 1674 936 1737 pro
959 1653 1068 1717 anima
1096 1675 1169 1719 mea
1196 1655 1300 1721 facere

200 1751 347 1816 voluerit.
392 1754 436 1817 Et
457 1776 531 1820 mix.
555 1755 595 1818 de
617 1754 786 1838 mancipiis
807 1756 889 1820 meis
909 1755 1093 1821 libertatem
1112 1777 1170 1842 pro
1193 1758 1301 1823 anima

200 1875 273 1918 mes
287 1855 435 1920 habeant.

385 2315 569 2370 EADNOTH
587 2316 668 2370 AND
687 2315 797 2370 WIFE.
834 2314 1112 2371 uxum-mm.

242 2462 369 2527 Notum
391 2460 434 2525 sit
453 2462 609 2526 universis
633 2463 692 2526 hec
713 2463 905 2545 legentibus,
929 2462 1015 2547 quod
1035 2483 1093 2545 ego
1113 2461 1299 2528 AEdnothus

200 2574 233 2629 et
253 2588 335 2630 uxor
355 2587 428 2630 mea
449 2565 595 2629 dedimus
616 2574 649 2630 et
670 2566 886 2629 concessimus
907 2567 978 2630 Deo
1000 2572 1033 2628 et
1056 2567 1175 2629 Sancto
1193 2567 1298 2632 Bene·

199 2669 286 2734 dicto
309 2668 469 2733 Ramesise
487 2676 606 2732 terram
627 2675 771 2732 nostram
789 2668 829 2731 de
847 2668 959 2732 Acleia
977 2668 1011 2731 in
1029 2674 1216 2751 perpetuam
1234 2669 1298 2733 ele-

200 2772 368 2851 mosinam,
398 2792 457 2858 pro
486 2770 605 2835 nostris
628 2778 661 2834 et
683 2778 813 2853 patrum
835 2777 1039 2854 matrumque
1062 2777 1244 2835 nostrarum
1267 2781 1300 2836 et

199 2875 339 2938 filiorum
363 2882 549 2939 nostrorum
572 2874 749 2937 animabus.
795 2872 905 2937 Talem
927 2880 1034 2937 antem
1054 2874 1299 2939 conventionem

199 2978 335 3043 fecimus
349 2998 423 3041 cum
439 2977 590 3042 AElfwino
606 2976 719 3042 abbate
740 2984 772 3041 et
793 2984 954 3041 conventu
969 2976 1118 3041 Ramesie
1132 2977 1173 3041 de
1187 2978 1298 3043 eadem

199 3081 382 3146 donatione.
418 3081 489 3144 Nos
501 3081 631 3164 quidem
646 3081 680 3143 in
692 3081 759 3143 vita
772 3089 883 3144 nostm
893 3081 1027 3145 eandem
1038 3087 1158 3143 terram
1169 3082 1300 3146 nomine

198 3184 330 3248 ecclesie
354 3183 545 3262 tenebimus,
570 3181 625 3246 sed
647 3191 761 3246 neuter
782 3189 929 3247 nostmm
953 3182 1072 3266 poterit
1093 3182 1158 3245 ulla
1174 3182 1300 3247 ratione

198 3308 269 3351 eam
279 3286 356 3352 alibi
365 3285 441 3350 dare
452 3286 502 3349 vel
517 3285 704 3363 distrahere,
716 3286 766 3349 vel
781 3284 947 3369 ingenium
962 3305 1095 3369 querere
1108 3305 1166 3369 per
1180 3285 1265 3369 quod
1280 3308 1300 3349 a

198 3391 320 3474 prefate
330 3389 461 3454 ecclesie
471 3388 615 3452 dominio
631 3389 788 3453 alienetur
796 3415 806 3468 ;
823 3388 880 3453 sed
888 3395 1108 3472 postmortem
1118 3387 1297 3472 utriusque,

197 3515 304 3557 meam
327 3492 449 3557 scilicet
471 3499 505 3555 et
526 3512 597 3555 mee
620 3492 740 3572 uxoris,
762 3500 833 3556 tota
851 3490 948 3555 simul
969 3490 1077 3574 quieta
1095 3498 1130 3554 et
1149 3490 1190 3554 ab
1210 3491 1300 3555 omni

198 3596 380 3680 calumpnia
393 3595 494 3659 libera
502 3594 537 3658 in
546 3616 679 3659 manum
690 3594 817 3658 abbatis
824 3602 859 3658 et
867 3594 1004 3658 fratr-nm
1015 3591 1176 3658 transibit.
1214 3593 1299 3658 Cum

198 3708 307 3764 antem
327 3700 363 3763 in
380 3697 523 3763 dominio
542 3719 613 3762 eam
632 3697 815 3776 habuerint,
837 3696 916 3760 duaa
933 3697 1031 3761 libras
1051 3696 1185 3780 singulis
1205 3697 1298 3761 annis

199 3800 363 3865 AEtherioo
378 3800 545 3878 monacho,
558 3800 626 3864 filio
638 3808 760 3880 nostro,
770 3798 846 3863 inde
855 3799 896 3862 ad
906 3799 1059 3864 vestitum
1068 3798 1297 3883 procurabunt,

197 3904 347 3987 quatinus
361 3903 446 3966 idem
461 3901 656 3981 AEthericus,
672 3902 770 3986 hujus
784 3911 931 3986 respectu
946 3902 1103 3981 beneficii,
1118 3899 1251 3965 humilis
1264 3908 1299 3966 et

196 4008 330 4071 devotus
351 4006 422 4070 Deo
442 4005 495 4084 sit,
514 4005 623 4069 abbati
647 4026 774 4090 quoqne
797 4014 832 4070 et
851 4006 1004 4070 hatribus
1023 4004 1091 4068 suis
1107 4003 1295 4072 tractabilis.

197 4111 262 4177 Qui
277 4110 305 4173 si
319 4108 403 4172 forte
417 4107 563 4171 habitum
579 4129 673 4171 suum
690 4115 722 4172 et
736 4108 967 4172 monasterinm
982 4108 1167 4192 relinquens
1180 4107 1297 4171 reverti

195 4211 343 4290 voluerit,
359 4210 459 4273 nichil
474 4209 606 4274 omnino
620 4211 697 4274 inde
711 4211 849 4275 ulterius
863 4209 1027 4295 percipiat.
1072 4210 1297 4275 concessimus

195 4324 303 4381 autem
316 4313 461 4378 Lefwino
475 4312 599 4376 homini
614 4322 723 4377 nostro
738 4314 895 4398 virgatam
909 4321 1005 4392 terre,
1019 4312 1055 4375 in
1069 4335 1133 4397 qua
1147 4334 1296 4376 mansum

195 4440 289 4485 suum
303 4417 410 4495 habet,
426 4417 460 4480 in
479 4416 547 4480 vita
565 4436 623 4479 sua
642 4416 804 4499 quietam3
828 4423 901 4500 post
916 4415 1080 4481 decessum
1096 4437 1171 4482 vero
1185 4416 1296 4501 ipsius,
