3234 5125
340 420 374 475 12
608 420 929 479 MISOELLANEOUS
950 422 1165 479 CHARTERS.

339 602 452 680 terque
474 584 651 679 regendum
675 596 756 661 illud
776 597 926 662 abbatem
949 597 1057 681 elegit,
1079 606 1257 682 sponteque
1279 618 1339 660 sna
1360 596 1441 680 scip

339 718 410 761 sum
426 719 499 762 mec
509 698 658 781 regimini
673 699 845 779 commisit,
857 700 1195 784 votoquemonachico
1206 700 1439 783 constringens.

339 802 386 864 At
409 822 496 865 nunc
510 800 654 866 nondum
676 801 804 867 evoluto
827 802 869 865 ad
887 802 1052 885 integrum
1070 802 1302 887 quinquennio,
1319 822 1360 865 ex
1376 823 1440 885 qno

339 902 399 965 hec
421 910 497 967 vota
520 904 608 967 vovit
632 904 793 983 solvenda,
814 906 988 969 immutare
1007 905 1135 971 decreta
1160 905 1301 991 cupiens,
1325 906 1443 989 Inique

340 1026 448 1090 regem
476 1007 511 1070 in
541 1007 729 1091 suffragium
762 1008 824 1073 sibi
852 1008 988 1093 repetite
1020 1008 1209 1073 hereditatis
1244 1009 1418 1093 assumpsit
1428 1034 1438 1087 3

339 1110 455 1193 quibus
470 1132 529 1194 ego
543 1111 682 1176 libenter
703 1112 793 1190 cessi,
812 1112 1042 1195 praefatamque
1055 1120 1176 1177 terram
1194 1120 1227 1175 et
1246 1110 1440 1176 monasteria

337 1234 401 1297 que
416 1215 665 1293 construximus,
681 1222 719 1280 ut
734 1215 812 1292 dixi,
828 1216 862 1278 in
877 1223 948 1280 toto
963 1215 1151 1280 retribuam.
1196 1216 1337 1299 Insuper
1350 1221 1385 1279 et
1398 1214 1438 1278 de

338 1317 492 1381 orientale
506 1328 597 1401 parte
611 1318 754 1382 fluminis
768 1320 897 1383 'famiae
905 1340 957 1383 xx.
974 1328 1123 1398 cassatos,
1139 1340 1218 1403 qnos
1235 1318 1318 1382 mibi
1337 1318 1439 1383 Cntb·

339 1420 433 1484 radus
449 1421 581 1505 regulus
600 1429 634 1485 et
654 1422 854 1486 Merciorum
869 1444 925 1487 rex
943 1422 1146 1501 Ethelredus,
1166 1444 1225 1487 nec
1244 1442 1313 1486 nou
1330 1429 1364 1486 et
1384 1422 1438 1485 Ini

339 1543 395 1588 rex
413 1525 577 1588 Saxonum
597 1524 811 1604 tradiderunt,
827 1525 965 1590 adiciam
988 1547 1018 1588 x.
1034 1546 1163 1609 qnoque
1180 1533 1323 1590 cassatos
1347 1546 1438 1588 secus

338 1628 456 1693 vadum
480 1626 690 1705 Bestlessord,
717 1635 750 1691 et
774 1650 802 1692 c.
828 1627 862 1691 in
889 1626 1095 1707 Bradenfeld,
1124 1628 1182 1692 ubi
1206 1626 1439 1692 monasterinm

338 1730 433 1808 erexi,
450 1750 528 1813 quos
546 1730 599 1794 Ini
624 1738 657 1794 et
672 1730 798 1794 Conred
817 1731 914 1795 simul
935 1730 1104 1809 dederunt,
1119 1730 1240 1815 pariter
1256 1730 1367 1810 tribui,
1382 1730 1438 1814 qui

339 1836 422 1897 fiunt
436 1832 530 1895 simul
547 1852 713 1896 cc.r.xx111.
731 1824 881 1897 cassatos.
926 1834 1050 1898 Votnm
1066 1841 1175 1898 autem
1189 1832 1340 1898 monachi
1351 1833 1439 1917 quod

269 1989 277 2002 .
337 1936 419 1999 mihi
441 1934 612 2019 spopondit
641 1934 785 1999 relaxans
810 1937 987 2000 clementer
1006 1936 1137 2015 indulsi,
1167 1944 1315 2020 presente
1344 1958 1437 2001 vene-

336 2038 437 2103 rando
457 2039 603 2103 antistite
624 2040 751 2119 Hedde,
773 2061 834 2105 nec
855 2062 921 2104 non
936 2040 1086 2105 Aldelmo
1101 2041 1228 2120 abbate,
1248 2049 1282 2105 et
1296 2040 1437 2119 Wintrs,

337 2153 371 2208 et
385 2143 474 2207 omni
493 2142 615 2207 familis
631 2150 743 2209 nostra
759 2144 794 2207 in
816 2144 960 2210 ecclesia.
1006 2146 1129 2229 Siquis
1143 2166 1219 2209 vero
1240 2152 1354 2209 contra
1376 2145 1437 2208 boc

337 2247 500 2311 decretum
524 2246 694 2311 abbatatus
720 2246 827 2310 venire
852 2248 1068 2332 temptaverit,
1093 2248 1142 2311 vel
1161 2246 1221 2311 has
1245 2246 1437 2312 donationes

337 2371 450 2433 regum
483 2348 715 2432 religiosorum,
747 2350 909 2414 tirannica
944 2350 1045 2414 fretus
1080 2358 1250 2435 potestate,
1280 2348 1438 2414 violenter

337 2452 464 2517 demere
478 2452 528 2516 vel
543 2451 666 2515 auferre
678 2452 840 2536 satagerit,
856 2450 936 2516 sciat
956 2474 991 2517 se
1008 2474 1117 2517 coram
1132 2452 1263 2518 Christo
1276 2448 1436 2517 rationein

336 2554 1282 2624 inultimo.vivorumetmortuornmexamineredditurum.
1307 2555 1437 2640 Scripta

335 2668 384 2725 est
400 2681 474 2724 vero
489 2658 557 2724 baec
572 2658 730 2724 cautionis
745 2659 917 2744 singrapha
930 2681 1016 2724 anno
1031 2660 1071 2724 sb
1080 2659 1303 2723 incarnatione
1312 2658 1435 2724 Christi

334 2783 486 2842 nc.xcrx.,
502 2762 684 2827 Indictione
698 2783 760 2826 xrr.

381 2866 420 2948 ·1⁴
431 2866 503 2949 Ego
512 2866 572 2930 Ine
587 2886 641 2930 rex
651 2865 808 2930 consensi.
856 2865 980 2948 ›1⁴Bgo
989 2865 1164 2930 Athelbald
1178 2886 1234 2928 rex
1249 2863 1434 2949 subscripsi.

335 2970 457 3050 ›14Ego
467 2965 584 3031 Daniel
593 2967 758 3051 episcopus
767 2966 951 3051 subscripsi.
983 2967 1434 3052 &EgoBefphasnbscripsi

336 3073 375 3152 ᾖ
388 3071 458 3152 Ego
467 3067 581 3152 ngrid
597 3067 780 3151 subscripsi.
825 3068 864 3150 ·1⁴
875 3069 947 3153 Ego
959 3069 1079 3133 Herrid
1090 3070 1273 3155 subscripsi.
1313 3070 1435 3152 sxsssgo

334 3171 489 3236 Aldbriht
508 3169 688 3256 subscripsi.
736 3171 863 3254 ›1⁴Ego
889 3171 1051 3254 Stranglic
1076 3171 1260 3256 subscripsi.
1307 3173 1433 3255 ›11Ego

336 3271 444 3336 Halda
466 3271 647 3356 subscripsi.
695 3273 734 3355 ›1‹
751 3275 823 3357 Ego
847 3273 920 3338 Oba
944 3273 1127 3360 subscripsi.
1175 3275 1303 3358 ›1⁴Eg0
1322 3275 1432 3340 Seired

333 3374 514 3462 subscripsi.
559 3376 630 3460 Ego
644 3375 782 3460 Egbritb
798 3376 982 3462 subscripsi.

470 3805 487 3840 ⁴*
501 3796 596 3852 KING
615 3795 683 3850 INE
700 3794 749 3849 OF
766 3794 934 3852 WESSEX.
969 3794 1058 3848 MAY
1077 3795 1154 3848 bituri
1171 3795 1305 3850 ccclv.

374 3947 416 4008 In
435 3943 565 4009 nomine
582 3943 716 4008 Domini
740 3942 803 4007 Dei
825 3943 928 4007 nostri
949 3942 1134 4006 salvatoris.
1179 3944 1251 4026 Ego
1268 3944 1342 4006 Yna
1358 3963 1431 4026 reg·

328 4055 427 4112 nante
454 4046 594 4112 Domino
616 4067 681 4124 rex,
708 4066 782 4109 cnm
805 4046 939 4111 consilio
961 4055 994 4109 et
1016 4046 1144 4111 decreto
1163 4046 1308 4131 praesnlis
1326 4046 1430 4110 nostri

328 4150 479 4230 Aldelmi,
490 4149 649 4232 simulque
667 4156 857 4213 cunctorum
869 4149 932 4212 Dei
946 4149 1148 4212 sacerdotum
1169 4149 1384 4232 suggestione,
1400 4156 1434 4212 et

328 4255 560 4320 monachorum
589 4251 745 4336 petitione
772 4251 829 4335 qui
853 4251 889 4314 in
911 4251 1063 4336 parochia
1094 4251 1237 4335 [West]¹
1266 4253 1431 4316 Saxonum

481 4415 487 4443 ¹
507 4411 565 4465 The
578 4409 667 4465 words
679 4409 802 4466 between
815 4409 938 4466 brackets
950 4428 994 4466 are
1004 4411 1093 4465 notin
1103 4410 1163 4465 MS.
1176 4410 1278 4466 Lansd.
