3234 5125
480 437 802 495 MISOELLANEOUS
820 438 1035 496 CHARTERS.
1274 438 1310 491 cl

209 609 463 689 accommodare,
489 609 551 672 nisi
581 609 621 673 ed
650 617 778 693 tempus
807 611 904 675 etad
932 609 1125 674 conditionis
1150 617 1308 672 statutum

205 713 302 778 unius
311 712 471 790 hominis3
494 711 1181 797 sedimmobiliterpermansissent,quasiin
1191 711 1309 775 nostris

205 816 310 880 tribus
325 816 445 882 sinodis
459 816 595 880 firmiter
609 814 806 880 decrevimus
822 816 1015 880 aeternaliter
1028 815 1210 899 perdurare.
1249 813 1309 878 Hii

208 939 320 984 omues
343 919 441 1002 hujus
463 917 510 981 rei
532 918 676 981 veritatis
698 925 798 982 testes
821 919 1009 996 extitenmt,
1033 926 1067 982 et
1095 917 1309 981 sacratissimo

210 1021 317 1086 crucis
332 1020 453 1085 Christi
468 1019 633 1104 signaculo
647 1019 828 1084 roborando
837 1022 1117 1085 confirmaverunt.

253 1123 325 1206 Ego
340 1121 501 1187 Kenulfus
515 1142 571 1186 rex
586 1123 784 1187 Merciorum
804 1122 901 1208 bujus
915 1123 1111 1188 definitionis
1124 1122 1309 1188 reconcilia-

211 1226 335 1290 tionem
354 1225 446 1308 signo
464 1233 584 1289 senctae
602 1225 706 1288 crucis
724 1225 918 1290 confirmari.
964 1227 1035 1309 Ego
1053 1226 1236 1290 Cutbredus
1255 1246 1311 1289 rex

211 1329 396 1394 cantuariae
410 1328 613 1392 consentiens
627 1328 756 1412 signum
771 1328 935 1393 salutifere
949 1329 1053 1394 crucis
1066 1329 1207 1413 impono.
1239 1329 1311 1412 Ego

212 1431 344 1496 Siredus
366 1453 421 1494 rex
440 1431 656 1496 Orientalium
681 1433 846 1494 Saxonum
868 1430 996 1514 signum
1019 1432 1123 1496 crucis
1140 1431 1312 1496 scutiferae

212 1535 420 1598 corroborans
430 1534 571 1617 impono.
611 1534 682 1617 Ego
691 1533 857 1598 Wisredus
866 1534 1050 1600 centuarioe
1058 1534 1311 1619 archiepiscopus

212 1636 358 1702 consensi
374 1642 406 1700 et
421 1635 603 1719 subscripsi.
641 1636 712 1720 Ego
722 1635 874 1699 Aldulius
888 1635 1175 1721 [Licetfeidensis¹]
1191 1637 1312 1721 episco-

214 1761 274 1823 pus
288 1738 435 1804 consensi
450 1746 483 1802 et
498 1737 680 1822 subscripsi.
725 1739 795 1821 ligo
810 1737 1015 1803 Denebertus
1031 1740 1307 1824 [Unigorniensis]
1365 1749 1371 1761 '

215 1844 383 1929 episcopus
402 1841 550 1907 consensi
572 1848 606 1905 et
625 1839 806 1925 subscripsi.
852 1842 924 1926 Ego
939 1842 1187 1908 Werenbriirtus
1215 1844 1311 1927 [ireo-

216 1945 373 2030 gerensis]
397 1944 564 2029 episcopus
584 1943 731 2009 consensi
751 1952 785 2009 et
801 1944 983 2030 subscripsi.
1035 1946 1107 2029 Ego
1123 1946 1314 2010 Wlfbardus

220 2049 379 2132 [Hecsna,
396 2067 468 2131 quae
487 2067 574 2110 nunc
596 2045 755 2111 Hereiord
770 2045 903 2130 dicitur]
926 2047 1093 2131 episcopus
1111 2049 1258 2114 consensi
1280 2057 1313 2113 et

216 2150 399 2234 subscripsi.
450 2150 522 2233 ligo
547 2148 722 2214 Tilierthus
747 2148 1019 2233 [Agustnldeusis]
1048 2150 1213 2235 episcopus
1238 2153 1312 2216 sub-

215 2253 337 2338 scripsi.
382 2249 453 2336 Ego
479 2251 697 2316 AEtbeluulfus
733 2250 1010 2336 [Eustanglorum]
1044 2253 1210 2338 episcopus
1238 2275 1314 2318 con-

216 2357 300 2421 sensi
315 2364 347 2421 et
362 2355 542 2439 subscripsi.
593 2355 665 2436 Ego
673 2352 829 2418 Eadulfirs
844 2353 1127 2439 [cridietunensis]
1148 2357 1314 2440 episcopus

216 2459 365 2525 consensi
381 2467 414 2524 et
431 2457 611 2541 subscripsi
656 2458 728 2540 Ego
745 2456 941 2521 Alcbbertus
970 2456 1215 2542 [Subtsaxonia]
1247 2460 1313 2543 epi·

217 2584 331 2648 scopus
350 2561 496 2627 consensi
515 2567 549 2625 et
569 2558 750 2643 subscripsi.
795 2559 867 2644 Ego
882 2558 1115 2625 AEtbelnotbus
1135 2559 1315 2645 [bundoni-

218 2667 317 2750 ensis]
334 2665 499 2748 episcopus
511 2662 657 2726 consensi
668 2669 702 2725 et
712 2660 896 2746 subscripsi.
928 2662 1000 2745 Ego
1010 2649 1178 2726 Wibcrtus
1194 2665 1315 2749 [Scire-

217 2768 412 2851 burnieusis]
432 2766 597 2850 episcopus
605 2763 751 2829 consensi
762 2771 796 2829 et
806 2763 991 2847 subscripsi.
1018 2765 1089 2847 Ego
1099 2765 1317 2831 Beormcnus¹

223 2868 511 2958 [Rovecestrensis]
531 2868 695 2951 episcopus
709 2865 857 2931 consensi
870 2872 904 2930 et
918 2865 1100 2950 subscripsi.
1145 2867 1216 2951 ligo
1224 2869 1317 2953 Wig.

218 2976 339 3041 nothus
366 2971 584 3057 [Exoniensis]
613 2970 779 3054 episcopus
801 2968 948 3033 consensi
967 2975 1000 3033 et
1019 2967 1201 3054 subscripsi.
1246 2973 1317 3055 Ego

217 3074 527 3146 Esmbeortbusdux
538 3072 685 3140 consensi
699 3080 733 3137 et
746 3071 929 3157 subscripsi.
968 3073 1040 3156 Ego
1055 3073 1318 3140 Heardbearhtus

219 3185 284 3249 dux
298 3180 445 3248 consensi
464 3187 497 3243 et
516 3176 697 3261 subscripsi.
742 3176 814 3260 Ego
828 3175 1033 3240 Beornotbus
1047 3175 1112 3240 dux
1125 3180 1271 3243 consensi
1286 3189 1320 3245 et

220 3284 402 3368 subscripsi.
435 3284 506 3365 Ego
521 3280 719 3366 Cynbelmus
732 3277 795 3343 dux
811 3278 957 3343 consensi
972 3286 1006 3343 et
1020 3278 1201 3365 subscripsi.
1247 3284 1319 3365 Ego

221 3389 410 3456 Ceolbertus
434 3384 498 3449 dux
524 3382 670 3448 consensi
696 3388 729 3445 et
752 3380 934 3465 subscripsi.
979 3380 1051 3465 ligo
1073 3382 1233 3447 Aldredus
1253 3385 1319 3449 dux

221 3490 368 3557 consensi
390 3496 424 3553 et
447 3485 628 3570 subscripsi.
673 3485 743 3567 Ego
757 3482 923 3547 Wlfredus
940 3483 1005 3547 dux
1027 3484 1173 3548 consensi
1192 3494 1225 3551 et
1245 3487 1319 3551 sub·

221 3594 343 3679 scripsi.
387 3593 458 3675 Ego
480 3587 700 3655 Heabiertbus
721 3586 786 3651 dux
806 3585 953 3651 consensi
970 3595 1003 3650 et
1022 3586 1203 3671 subscripsi.
1249 3591 1320 3673 Ego

222 3696 423 3766 Cicivertbus
437 3693 504 3758 dux
518 3691 665 3757 consensi
679 3698 712 3755 et
726 3688 908 3773 subscripsi.
949 3689 1021 3772 ligo
1033 3690 1245 3755 Hestfertbus
1256 3693 1321 3757 dux

223 3797 369 3865 consensi
383 3804 417 3861 et
430 3793 614 3878 subscripsi.
651 3794 723 3877 Ego
733 3792 829 3855 Plesa
838 3790 904 3855 dux
912 3791 1059 3855 consensi
1069 3799 1102 3857 et
1114 3792 1295 3877 subscripsi.

260 3972 268 4001 ¹
286 3966 344 4022 The
360 3982 453 4020 names
465 3963 495 4019 of
508 3963 555 4017 the
567 3978 625 4016 sess
636 3960 736 4015 within
747 3958 871 4015 brackets
882 3975 927 4015 are
937 3960 1047 4015 written
1060 3976 1125 4014 orer
1132 3959 1180 4014 ebs
1190 3974 1282 4013 mures
1294 3959 1326 4013 oi

224 4055 272 4109 tire
284 4054 425 4107 witnesses
436 4051 465 4105 in
477 4067 494 4104 s
506 4048 598 4104 coevnl
610 4046 691 4101 band.

259 4144 271 4173 ²
289 4139 326 4194 So
338 4138 397 4193 Ms.
410 4138 453 4192 for
462 4132 656 4192 Beornmodus.
