3234 5125
493 433 815 492 urscnnnannoos
833 435 1047 494 CHARTERS.
1279 439 1331 494 loo

219 602 342 670 ditione
362 611 396 669 et
418 603 501 670 arcis
520 612 553 670 et
573 605 683 690 pontis
707 606 958 686 constructione,
977 614 1049 672 toto
1074 607 1194 672 mentis
1213 608 1331 673 affectu

219 705 311 784 dedi3
335 727 374 772 ea
387 706 572 773 conditione
587 729 651 792 quo
667 729 792 793 semper
806 709 968 793 prefatum
982 709 1214 776 monasterium
1230 711 1331 795 perti-
1407 733 1414 742 ·

218 817 294 874 neat
309 817 407 894 atque
421 810 578 877 deserviat
593 811 764 896 episcopali
779 812 848 876 sedi
862 813 898 876 in
911 812 1084 878 Wintouia
1105 812 1246 892 civitate,
1262 813 1332 878 sine

219 913 286 977 ulla
302 913 518 980 controversia
532 923 565 980 et
580 915 650 980 sine
667 915 910 1000 disceptatione,
921 936 983 980 neo
996 915 1033 980 in
1046 924 1160 982 nostro
1174 925 1331 1000 tempore,

219 1037 279 1080 nec
293 1015 392 1081 etiam
407 1015 448 1080 ab
462 1017 529 1082 ullo
542 1025 654 1082 nostro
674 1038 867 1097 successore,
882 1018 952 1082 baec
966 1017 1099 1082 donatio
1114 1025 1333 1082 commutetur

218 1126 276 1183 aut
290 1118 426 1184 violetur
440 1119 475 1184 in
489 1121 732 1204 sempiternum.
768 1121 835 1185 Sed
849 1128 881 1185 et
890 1121 952 1186 boc
966 1121 1065 1186 alacri
1079 1119 1188 1186 animo
1199 1120 1331 1186 Christo

219 1223 361 1288 concessi
379 1230 417 1288 ut
434 1223 574 1308 episcopi
595 1223 752 1303 homines,
768 1231 838 1288 tam
851 1223 977 1292 nobiles
991 1246 1090 1308 quam
1108 1223 1278 1308 ignobiles,
1294 1224 1330 1288 in

218 1326 351 1410 praefato
364 1349 439 1392 rure
448 1327 600 1411 degentes
611 1327 673 1394 hoo
683 1327 771 1392 idem
783 1329 838 1412 jus
852 1327 888 1392 in
902 1327 992 1393 omni
1004 1327 1161 1392 haberent
1171 1327 1330 1412 dignitate

218 1450 283 1512 quo
292 1429 376 1514 regis
384 1429 530 1495 homines
540 1429 761 1515 perfruuntur,
770 1430 932 1514 regalibm
941 1430 1028 1496 fiscis
1042 1439 1287 1510 commorantes,
1296 1439 1331 1495 et

219 1531 328 1596 omnia
338 1533 529 1598 secularium
538 1553 647 1598 rerum
655 1531 778 1618 judicia
789 1533 830 1598 ad
844 1555 923 1598 usus
933 1533 1107 1618 praesidum
1122 1543 1330 1600 exerceantur

219 1635 330 1702 eodem
352 1633 448 1700 modo
470 1657 534 1720 quo
555 1635 711 1720 regalium
731 1635 937 1720 negotiorum
960 1636 1181 1700 discutiuntur
1195 1636 1329 1720 judicia.

219 1739 375 1804 Praedicte
393 1739 491 1804 etiam
505 1739 590 1804 villae
611 1738 869 1820 mercimonium,
884 1739 973 1822 quod
985 1739 1133 1822 Anglicae
1151 1742 1215 1826 psas
1233 1747 1330 1805 tunes

218 1843 336 1926 cyping
350 1842 537 1928 appellatur,
547 1863 723 1926 censusque
736 1842 842 1906 omnis
858 1841 970 1921 civilis,
982 1851 1092 1908 sancte
1103 1843 1167 1907 Dei
1178 1843 1329 1908 aecclesiae

219 1944 253 2008 in
274 1944 444 2009 Wiutonie
467 1945 607 2024 civitate,
631 1944 700 2010 sine
729 1944 935 2010 retractionis
960 1944 1139 2025 obstaculo,
1162 1967 1237 2011 cum
1259 1967 1329 2010 om·

219 2047 315 2112 nibus
332 2047 508 2113 commodis
528 2048 723 2112 eternaliter
737 2047 897 2112 deserviat
905 2073 915 2128 3
939 2055 1009 2112 erat
1022 2069 1163 2133 namque
1180 2057 1277 2114 antea
1293 2050 1328 2114 in

217 2150 274 2214 illo
296 2150 478 2236 supradicto
499 2151 693 2216 monasterio
715 2158 828 2235 pastus
848 2150 946 2216 unius
971 2152 1076 2216 noctis
1097 2151 1177 2234 regi,
1196 2159 1229 2215 et
1251 2173 1328 2217 v111.

218 2275 347 2334 canum,
362 2261 395 2319 et
412 2253 508 2318 unius
527 2253 702 2319 cauioulari
719 2261 842 2339 pastus,
863 2261 896 2317 et
915 2262 1026 2338 pastus
1044 2275 1161 2320 novem
1182 2255 1328 2339 noctium

219 2357 428 2442 accipitrariis
441 2357 536 2442 regis,
553 2365 587 2422 et
601 2356 754 2441 quioquid
768 2378 824 2422 rer
837 2356 935 2422 vellet
949 2356 1025 2421 inde
1039 2357 1156 2423 ducere
1170 2379 1273 2442 usque
1287 2357 1329 2424 ad

221 2461 321 2544 Curig
335 2462 385 2525 vel
400 2461 584 2540 Willettun,
601 2481 675 2524 cum
696 2459 849 2544 plaustris
868 2467 902 2524 et
920 2459 1010 2543 equis
1019 2485 1029 2539 3
1052 2459 1132 2524 etsi
1152 2459 1274 2524 advene
1288 2461 1328 2526 de

220 2564 291 2627 aliis
301 2563 486 2649 regionibus
496 2562 693 2642 advenirent,
710 2561 871 2627 debebant
882 2562 1035 2627 ducatum
1044 2561 1162 2628 babere
1176 2564 1217 2627 ad
1232 2564 1328 2629 aliam

220 2666 360 2751 regalem
370 2666 480 2731 villam
495 2688 567 2751 quse
581 2665 726 2750 proxima
739 2666 853 2729 fuisset
866 2664 903 2728 in
916 2664 1047 2728 illorum
1061 2664 1123 2730 via.
1173 2666 1235 2731 Ille
1248 2688 1329 2750 quo·

219 2792 281 2855 que
296 2770 462 2855 episcopus
476 2778 510 2835 et
523 2767 779 2833 illavenerabilis
793 2766 916 2831 familia
929 2766 1028 2831 michi
1043 2788 1095 2831 nx.
1112 2776 1278 2833 manentes
1292 2769 1328 2833 in

219 2874 289 2938 illis
304 2872 484 2939 illustribus
505 2872 583 2938 locis
607 2894 680 2957 quae
704 2870 871 2935 Saxonicae
896 2870 943 2935 ita
965 2870 1195 2936 nominantur:
1218 2872 1253 2936 id
1278 2880 1328 2937 est

148 3026 151 3033 r
220 2982 434 3041 remanentes
448 2974 777 3053 aetCrauuanoumbe,
793 2981 836 3039 aet
851 2973 1202 3053 x.aetCumbt1me,aet
1215 2996 1269 3039 xx.
1283 2982 1328 3039 set
1363 3024 1367 3031 .

221 3078 438 3164 Banauwylle,
456 3099 507 3142 xx.
529 3098 656 3162 quoque
678 3085 720 3142 aet
740 3078 836 3141 Stooe
851 3078 946 3161 juxta
967 3076 1236 3157 Scealdebrn'nan,
1254 3099 1328 3162 per-

221 3182 393 3265 petualiter
407 3182 442 3245 in
456 3182 652 3265 sempiterno
670 3180 804 3265 graphio
822 3179 860 3243 iu
879 3200 974 3245 cruce
989 3179 1122 3258 Christi,
1138 3199 1197 3263 pro
1211 3180 1326 3264 prefati

220 3284 406 3351 monasterii
424 3284 584 3363 libertate,
609 3282 650 3348 ab
670 3282 758 3348 omni
778 3282 879 3366 regali
896 3304 996 3348 censu
1017 3290 1050 3346 et
1070 3281 1236 3361 comitiali,
1256 3304 1325 3347 om·

220 3389 318 3472 nique
337 3387 502 3453 mundana
521 3386 688 3451 exactione
711 3385 868 3469 equaliter
886 3384 1059 3469 expeditas,
1077 3393 1210 3468 excepta
1232 3406 1326 3469 erpe-

220 3491 351 3570 ditione‚
371 3498 404 3556 et
426 3490 507 3556 arcis
529 3496 562 3555 et
580 3488 688 3573 pontis
707 3488 958 3567 constructione,
980 3487 1097 3553 libenti
1120 3487 1229 3552 animo
1246 3509 1325 3553 con-

217 3596 428 3659 donaverunt.
475 3594 548 3658 Hoc
573 3592 671 3657 etiem
698 3590 758 3656 sub
778 3590 887 3656 divino
911 3598 1108 3656 testamento
1129 3592 1325 3675 precipimus

219 3708 252 3763 et
272 3698 477 3781 imperamus,
492 3717 535 3760 ne
551 3715 706 3779 umquam
725 3693 834 3778 aliqua
851 3694 1061 3758 commutatio
1075 3694 1126 3757 vel
1140 3693 1326 3759 vicissitudo

217 3802 304 3865 illius
327 3809 445 3865 nostrae
468 3797 651 3863 donationis
676 3802 709 3862 et
735 3796 989 3862 confirmationis
1014 3797 1049 3859 in
1074 3804 1211 3880 utraque
1236 3805 1326 3880 parte

218 3906 284 3984 fiat,
305 3903 460 3989 quamdiu
480 3902 536 3967 illa
563 3899 791 3967 Christianitas
810 3900 846 3963 iu
867 3899 931 3967 ista
952 3899 1058 3963 insula
1077 3898 1241 3963 consistat.
1289 3899 1325 3962 Si

218 4008 290 4091 quis
307 4007 391 4072 hanc
409 4014 553 4071 nostram
575 4004 782 4069 donationem
803 4010 837 4067 et
857 4002 1143 4067 commutationem
1163 4000 1326 4066 custodire

218 4116 251 4171 et
272 4127 389 4190 augere
403 4104 549 4182 voluerit,
565 4102 727 4168 custodiat
743 4101 837 4165 illum
852 4102 942 4166 Dens
962 4108 996 4165 et
1016 4106 1133 4183 augeat
1150 4100 1198 4163 illi
1216 4100 1325 4164 omnia

219 4211 303 4275 bone
321 4208 488 4294 praesentis
506 4216 539 4271 et
559 4206 677 4271 firturae
691 4204 767 4269 vitae
776 4230 785 4283 3
813 4204 864 4268 sin
877 4225 964 4282 vero,
980 4204 1088 4286 aliqua
1102 4201 1188 4266 mala
1204 4202 1324 4267 machi·

217 4312 357 4391 natione,
383 4310 529 4376 minuere
553 4310 604 4373 vel
629 4307 804 4392 iufringere
828 4307 975 4385 voluerit,
999 4304 1079 4369 sciat
1103 4326 1137 4369 sc
1160 4313 1235 4369 ante
1259 4305 1322 4370 cel-

218 4415 334 4481 sissimi
350 4416 370 4479 J
372 4414 474 4481 udiois
492 4412 645 4479 horribile
663 4411 805 4476 tribunal
823 4410 984 4477 rationem
1000 4408 1201 4473 redditurum
1219 4407 1255 4473 in
1272 4408 1323 4473 dic
