3234 5125
473 439 792 495 MISOELLANEOUS
811 440 1024 497 CHARTERS.
1266 446 1303 499 39

241 608 281 687 ›1‹
297 608 369 691 Ego
384 609 459 673 Offa
473 631 528 675 rex
543 611 647 675 Meri.
662 614 894 677 consentiendo
907 613 1056 697 imposui.

241 712 282 791 ›1‹
297 712 369 794 Ego
379 712 561 877 l;I(psmberht
583 712 688 796 grstia
707 714 770 779 Dei
791 718 913 801 θθόθῇθ
933 715 1040 801 sigillo
1059 723 1179 783 wnctae
1197 717 1303 781 crucis

341 834 379 877 ro
421 835 499 878 resi.

243 918 283 997 ›1‹
298 917 371 1000 Ego
387 916 579 1001 Hygeberht
593 917 695 983 simit.
711 922 827 1006 θθέθῇ.
843 931 1018 987 consonet
1032 924 1118 987 subs.

243 1020 283 1099 ›1‹
299 1020 370 1103 Ego
385 1021 545 1087 Ceolwnlf
555 1025 605 1107 θῇ.
615 1035 702 1087 cont.
718 1028 752 1087 et
766 1026 836 1088 sub.

243 1124 284 1203 ›1‹
299 1123 370 1207 Ego
387 1124 557 1189 Heerdred
571 1128 621 1210 θῇ.
637 1138 725 1190 cont.

243 1224 283 1303 ›1‹
299 1224 371 1307 Ego
386 1226 552 1291 Unuuone
566 1230 616 1312 θῇ.
634 1239 721 1291 cont.
734 1235 768 1291 et
782 1226 967 1312 subscripsi.

244 1328 284 1407 »Β
300 1327 372 1410 Ego
388 1329 563 1393 Heebored
578 1333 627 1415 θῇ.
644 1342 730 1395 cons.

243 1431 284 1510 ›1‹
298 1430 370 1513 Ego
384 1431 528 1497 Alhenrd
542 1432 709 1517 episcopus
723 1433 871 1498 consensi
886 1440 919 1497 et
933 1432 1117 1517 subscripsi.

243 1535 283 1614 ›1‹
299 1534 370 1617 Ego
385 1534 565 1600 Ceolmund
579 1540 628 1622 θῇ.
644 1536 800 1601 consensi.

244 1638 285 1717 ›1‹
299 1636 372 1719 Ego
386 1637 561 1703 AEtelmod
576 1642 624 1725 θῇ.

245 1740 285 1819 *1⁴
301 1738 372 1822 ego
387 1739 575 1824 cyneberht
589 1746 639 1827 θῇ.

245 1843 286 1922 ›1‹
301 1842 373 1925 Ego
388 1842 570 1909 Wermund
585 1848 634 1929 θῇ.

245 1946 286 2025 ›1‹
301 1944 372 2027 Ego
387 1945 542 2011 Bodwine
558 1948 607 2011 ab.

247 2050 287 2129 ›1‹
302 2048 374 2131 Ego
390 2050 470 2114 Utel
486 2051 534 2114 ab.

246 2151 287 2233 ›1‹
302 2152 373 2235 Ego
389 2151 543 2217 Fordred.

245 2254 286 2333 ›1‹
300 2254 372 2338 Ego
386 2254 582 2319 Wnlfhenrd
596 2254 693 2319 simul
708 2256 783 2319 subs
798 2261 832 2318 et
845 2255 1043 2319 confirmavi.

245 2358 286 2437 ’Β
303 2402 492 2421 ........
510 2358 603 2423 berht
618 2360 665 2441 pi.
781 2361 825 2439 ›1‹
842 2358 909 2443 Sig.
925 2358 1118 2424 Ccolmundi
1133 2364 1164 2446 ῇ.

247 2462 287 2541 ›1‹
305 2506 494 2525 ........
510 2461 624 2525 mundi
638 2465 670 2547 ῇ.
782 2464 823 2543 ›1‹
840 2462 908 2547 Sifi.
923 2463 1117 2527 AEbelhardi
1131 2468 1161 2549 ῇ.

246 2565 286 2644 ›1‹
304 2564 565 2648 Sig.A1hmundi
579 2567 626 2649 pt.
782 2568 823 2647 ›1‹
841 2566 908 2652 sig.
924 2567 1093 2651 Bynnm'.

326 2907 424 2963 nme
442 2908 541 2964 OFFA
558 2909 607 2964 01⁴⁴
624 2908 781 2965 MEROIA.
817 2907 1181 2966 mcxci-necnon.

249 3055 348 3134 ›1⁴1n
373 3055 503 3119 nomine
526 3049 660 3121 Domini
689 3055 793 3120 nostri
816 3055 916 3120 Ihesu
939 3053 1062 3119 Christi
1091 3053 1162 3138 [qui
1191 3063 1309 3121 olmeto

199 3155 285 3240 regit
303 3155 458 3242 scenae]
505 3159 577 3242 Ego
595 3159 670 3224 offa
691 3157 785 3222 trodo
811 3158 901 3222 illam
922 3165 1044 3222 terram
1062 3163 1104 3221 oet
1119 3156 1308 3242 Westbyrig

199 3281 276 3323 eum
293 3261 444 3326 omnibus
463 3260 504 3325 sd
527 3283 560 3326 se
578 3262 641 3326 rite
664 3260 913 3344 pertinentibus,
928 3260 963 3324 id
986 3267 1036 3324 est
1054 3260 1222 3344 sexaginta
1238 3282 1306 3324 ms-

198 3362 359 3442 nentium,
382 3371 416 3428 et
441 3363 476 3427 in
498 3363 562 3428 alio
584 3364 656 3428 loco
678 3371 721 3428 aet
751 3361 944 3448 Heonbyrig
972 3383 1024 3427 xx.
1047 3363 1251 3426 manentium
1273 3370 1308 3427 to

200 3465 386 3550 Weogerns
415 3474 529 3545 cestre,
559 3488 618 3552 pro
647 3466 790 3531 remedio
819 3467 936 3530 animae
964 3488 1056 3532 meae
1078 3487 1116 3530 sc
1135 3474 1307 3550 parentum

200 3589 359 3647 meorum,
377 3579 450 3652 post
468 3569 594 3634 obitum
615 3591 726 3635 meum
750 3577 783 3634 et
801 3569 860 3633 filii
881 3569 947 3634 mei
968 3569 1126 3652 Egcfriti,
1145 3577 1178 3635 et
1196 3569 1308 3635 eadem

200 3669 360 3735 libertatis
382 3671 508 3736 dicione
530 3671 565 3736 in
588 3672 738 3737 omnibus
761 3670 858 3735 rebus
877 3671 952 3755 jure
975 3671 1226 3755 permanendam
1244 3694 1309 3756 qua

201 3794 274 3836 eom
297 3781 372 3837 ante
387 3774 596 3862 AEpelbaldus
616 3797 683 3855 rex,
705 3796 765 3839 avo
789 3796 863 3838 meo
887 3773 1028 3838 Eonnlfo
1053 3774 1306 3858 conscripserat3

200 3875 314 3956 idest,
335 3877 555 3942 ntsitlibcra
576 3885 645 3943 tam
663 3877 699 3941 in
722 3885 883 3942 terrarum
905 3874 1080 3941 donatione
1100 3897 1158 3940 sen
1180 3877 1216 3939 in
1238 3899 1307 3940 om·

199 3979 297 4044 nibus
320 3979 425 4045 causis
447 3981 553 4065 parvis
574 3981 625 4046 vel
641 3980 769 4064 magnis
791 3980 981 4046 inconcussa
1001 3985 1189 4065 permaneat
1205 4000 1308 4062 nsque

199 4082 235 4146 in
258 4083 422 4162 meatum,
445 4082 570 4148 tamdiu
592 4083 670 4148 fides
692 4082 879 4148 Christiana
902 4081 988 4166 opud
1011 4080 1136 4166 Anglos
1160 4081 1195 4144 in
1218 4081 1306 4144 Brit·

199 4185 313 4250 tannia
329 4192 469 4251 maneat.
510 4187 641 4272 [Soluto
657 4187 700 4250 sit
718 4186 759 4251 sb
777 4186 867 4251 omni
885 4185 918 4250 vi
940 4205 1055 4268 regum
1074 4189 1107 4247 et
1124 4182 1307 4268 principum

360 4323 369 4353 ¹
387 4321 445 4374 The
457 4320 604 4376 verictions
614 4322 644 4376 in
656 4322 704 4377 the
715 4319 911 4395 subscriptione
922 4337 967 4374 ore
978 4333 1131 4373 numerous

362 4411 373 4438 ²
391 4406 528 4479 Wsnting
537 4407 566 4462 in
578 4407 637 4463 MS.
651 4408 732 4462 Nero.
