3234 5125
330 377 381 430 144
605 378 926 434 MlSCELLANEOUS
945 381 1160 436 CHARTERS.

327 549 502 614 venerabili
531 550 566 613 in
595 551 765 616 Wintonia
794 553 934 631 civitate,
958 553 1139 637 specialiter
1165 555 1206 618 ad
1229 554 1434 618 refectorium

328 661 433 732 snum,
456 653 635 726 habendam
661 662 694 718 et
716 655 941 738 possidendam
967 657 1257 740 perimendamque
1286 666 1434 740 perpetu-

328 757 431 836 aliter,
450 778 524 820 eum
547 757 644 836 silvis,
664 758 794 842 campis,
814 760 925 842 pratis,
945 767 978 823 ct
1000 760 1138 843 pascuis,
1163 769 1260 843 atque
1284 759 1435 823 omnibns

327 859 369 923 ad
389 881 423 924 se
442 860 688 943 pertinentibus,
709 863 742 924 in
765 862 992 944 sempiternam
1012 862 1233 926 hereditatem.
1278 865 1434 926 Attamen

326 984 386 1046 ego
398 964 554 1027 Eadward
568 985 623 1028 rex
639 971 809 1047 utramque
823 963 989 1047 praefatam
1004 972 1124 1028 terram
1140 966 1180 1028 ab
1196 965 1251 1028 illa
1259 965 1434 1028 venerabili

327 1066 459 1149 praefate
479 1065 602 1129 familia
621 1067 655 1128 in
669 1067 840 1130 Wintouia
858 1067 988 1130 civitate
1008 1068 1201 1150 comparavi,
1219 1068 1356 1150 dedique
1375 1089 1434 1150 pro

327 1175 464 1250 utraque
484 1169 616 1251 praefata
630 1177 716 1232 terra
731 1190 763 1232 x.
780 1177 947 1233 manentes
966 1171 1002 1234 in
1021 1170 1078 1233 illo
1094 1169 1166 1234 loco
1183 1171 1239 1253 qui
1258 1171 1377 1234 dicitur
1391 1179 1433 1233 aet

328 1271 423 1334 Stoee
441 1270 481 1334 be
504 1270 744 1356 Hysseburnan,
768 1293 843 1334 cum
867 1272 1017 1335 omnibus
1037 1273 1221 1336 homiuibus
1244 1273 1300 1355 qui
1321 1273 1355 1336 in
1377 1274 1433 1336 illa

327 1381 523 1437 terruerant
542 1374 671 1456 quando
690 1373 812 1437 AEllred
835 1395 891 1438 rex
910 1375 1001 1453 obiit,
1019 1383 1053 1438 et
1073 1376 1171 1438 etiam
1189 1397 1263 1439 eum
1281 1375 1430 1440 illisam.

327 1475 421 1539 nibus
449 1476 634 1540 homiuibus
663 1477 718 1558 qui
747 1485 825 1540 tunc
853 1477 985 1540 fuerunt
1014 1485 1056 1542 aet
1080 1478 1282 1542 Hisseburna
1302 1480 1431 1562 quando

328 1578 452 1641 AElfred
466 1600 519 1642 rex
536 1579 619 1642 viam
638 1579 786 1646 universe
804 1580 909 1643 carnis
928 1579 1017 1644 adiit.
1064 1581 1150 1644 Sunt
1164 1591 1273 1645 autem
1287 1591 1431 1666 utroeque

327 1690 422 1746 terrae
447 1682 487 1745 ab
511 1682 600 1746 omni
621 1703 720 1746 censu
741 1681 898 1745 mundiali
920 1689 954 1746 et
975 1683 1075 1765 regali
1097 1683 1196 1748 libere
1217 1694 1251 1748 et
1272 1684 1428 1768 expedite,

327 1793 460 1868 excepta
474 1784 685 1868 expeditione,
700 1793 733 1849 et
748 1785 829 1848 arcis
844 1794 877 1849 et
892 1781 1000 1868 pontis
1014 1787 1263 1851 construetione.

370 1889 469 1951 Anno
493 1896 600 1951 autem
624 1887 805 1951 Dominicae
829 1888 1061 1951 incarnationis
1079 1899 1227 1967 ucccc¹²⁰‚
1246 1890 1430 1954 Indictionc

327 2001 394 2070 111⁰,
419 1990 547 2075 quando
569 1991 692 2056 AElfred
713 1990 772 2056 rex'
797 1990 888 2069 obiit,
911 2000 945 2055 et
967 1992 1124 2056 Eadward
1146 2014 1211 2070 rex,
1235 1993 1319 2056 filius
1340 2016 1428 2073 suus,

326 2117 463 2179 regnum
476 2093 626 2177 suscepit,
642 2093 710 2157 haec
724 2094 848 2158 cartula
861 2093 980 2177 scripta
993 2103 1042 2158 est
1056 2095 1091 2158 in
1105 2096 1275 2160 Wintonia
1289 2097 1429 2177 civitate,

327 2219 435 2262 coram
446 2197 509 2260 illis
518 2195 644 2262 idoneis
654 2195 790 2259 testibus
802 2217 940 2279 quorum
951 2197 1084 2260 nomina
1092 2197 1322 2283 subterscripta
1332 2207 1420 2264 suut.

371 2303 412 2382 »14
429 2301 500 2381 Ego
518 2298 674 2362 Eadward
691 2318 747 2364 rex
767 2297 933 2380 signaculo
953 2305 1073 2362 sanctae
1092 2300 1196 2364 erucis
1216 2301 1427 2366 corroboravi.

327 2405 451 2486 »14Εςο
484 2401 657 2465 Denewnls
685 2402 860 2485 episcopus.
960 2403 1088 2485 ›1⁴Ego
1121 2405 1220 2466 Assar
1250 2405 1426 2489 episcopus.

327 2508 367 2589 »14
384 2508 455 2590 Ego
491 2504 689 2591 AEpelweard
726 2503 812 2568 filius
848 2505 943 2588 regis.
1036 2507 1076 2588 »14
1092 2507 1165 2590 Ego
1202 2502 1319 2573 ordlaf
1351 2509 1427 2575 dux.

328 2613 450 2695 »14Εςο
473 2610 601 2693 Ordgar
621 2609 695 2672 dux.
761 2610 890 2691 ›14Eg0
913 2608 1036 2673 AEll'red
1061 2610 1137 2673 dux.
1199 2613 1238 2693 »14
1255 2613 1325 2695 Ego
1347 2614 1429 2679 Tata

325 2714 489 2798 presbiter.
554 2715 593 2793 »14
610 2713 681 2794 Ego
703 2711 836 2775 Werulf
861 2712 1025 2794 presbiter.
1092 2715 1131 2795 »14
1148 2716 1218 2797 Ego
1248 2716 1428 2779 Beornstan

324 2815 489 2902 presbiter.
565 2816 604 2896 »14
621 2815 692 2896 Ego
722 2814 887 2899 AEpelstan
915 2814 1083 2898 presbiter.
1152 2819 1192 2899 »14
1208 2819 1280 2900 Ego
1308 2819 1427 2884 Waldo

324 2920 489 3005 presbiter.
565 2917 692 2999 »14Εςο
722 2916 839 2981 Osferli
869 2917 1026 2980 minister.
1101 2920 1140 3000 »14
1157 2920 1228 3002 Ego
1257 2921 1431 2990 Witbrord.

325 3022 479 3087 minister.
536 3023 577 3102 »14
594 3020 664 3103 Ego
679 3018 842 3098 Deormod
857 3019 1014 3083 minister.
1075 3023 1114 3103 »14
1131 3022 1202 3104 Ego
1218 3023 1426 3086 Beorhthelm

324 3124 480 3187 minister.
542 3125 581 3203 »14
598 3122 669 3203 Ego
683 3122 867 3185 Wulfhelm
881 3122 1039 3185 minister.
1101 3126 1141 3206 »14
1157 3126 1228 3207 Ego
1243 3127 1426 3191 Beornstan

324 3227 479 3290 minister.
526 3227 566 3305 »14
583 3224 654 3309 Ego
668 3222 793 3286 AElfred
807 3223 965 3289 minister.

371 3330 440 3392 Her
483 3327 566 3411 synd
609 3330 764 3409 gewriten
815 3330 854 3412 pa
938 3328 1029 3393 Here
1051 3350 1105 3393 are
1127 3330 1255 3393 written
1280 3330 1337 3394 the
1357 3352 1423 3395 ser-

325 3430 451 3514 gerihta
474 3433 520 3513 bae
539 3428 583 3491 lia
601 3426 720 3491 ceorlas
740 3427 854 3490 sculan
893 3429 977 3494 vices
998 3431 1103 3494 which
1130 3432 1186 3496 the
1209 3432 1317 3496 churls
1343 3433 1424 3498 have

325 3534 389 3597 don
410 3540 444 3595 to
463 3530 705 3616 Hysseburnan.
745 3530 853 3594 AErest
892 3540 928 3597 to
967 3534 1082 3599 render
1121 3544 1154 3598 at
1195 3536 1421 3605 Hussebourn.

318 3643 367 3700 oet
400 3634 507 3697 hilcan
547 3632 675 3697 hiwisce
709 3632 852 3697 feowerti
893 3636 989 3715 ffirst,
1010 3637 1061 3701 for
1085 3659 1179 3722 every
1201 3638 1313 3724 family
1336 3640 1423 3724 forty

323 3759 447 3823 penega
469 3736 506 3799 tf>
522 3735 676 3799 herlestes
693 3735 848 3799 emnihte·
892 3759 991 3822 peuce
1013 3748 1047 3803 at
1066 3741 1123 3805 the
1144 3742 1314 3805 autumnal
1332 3744 1422 3826 equi-

323 3862 341 3925 ]
358 3862 404 3904 v1.
420 3838 614 3904 ciricmittan
634 3838 775 3919 celat]
797 3859 850 3901 111.
891 3863 968 3920 nox,
984 3842 1048 3905 and
1065 3864 1096 3906 v.
1119 3844 1371 3909 choreb-mittas
1390 3845 1427 3913 of

323 3943 445 4009 sestlar
488 3940 690 4005 hlalhwetes·
729 3960 749 4022 ]
796 3962 850 4004 111.
892 3945 952 4023 ale,
977 3944 1041 4008 and
1063 3967 1117 4009 111.
1145 3955 1261 4010 sesters
1284 3948 1322 4010 ol
1342 3948 1422 4012 loaf·

321 4069 437 4115 aeceras
489 4045 618 4130 geerian
663 4066 706 4108 on
753 4044 853 4108 heora
890 4048 1013 4125 wheat;
1038 4049 1103 4112 and
1125 4057 1161 4113 to
1185 4050 1306 4134 plough
1329 4050 1422 4116 three

314 4172 439 4236 „agenre
468 4148 561 4213 hwile
597 4168 616 4231 y
654 4146 723 4211 mid
753 4148 853 4211 heora
891 4172 990 4230 acres,
1011 4153 1046 4216 in
1064 4153 1151 4217 their
1165 4176 1235 4219 own
1250 4154 1341 4233 time,
1357 4155 1422 4218 and

320 4276 443 4338 agenan
474 4253 557 4317 saeda
582 4273 737 4335 gesawan·
762 4271 781 4334 y
807 4273 849 4314 on
890 4274 955 4317 sow
991 4256 1081 4320 them
1114 4257 1194 4321 with
1230 4257 1317 4323 their
1348 4278 1421 4323 own

319 4360 400 4443 hyra
418 4377 533 4441 agenre
552 4356 646 4419 hwile
664 4376 706 4418 on
725 4354 850 4419 baerene
889 4356 964 4420 seed
974 4384 983 4434 ;
1008 4357 1071 4422 and
1089 4359 1124 4422 in
1144 4360 1231 4423 their
1248 4380 1320 4423 own
1341 4360 1421 4427 time
