3234 5125
305 369 358 422 los
580 370 900 426 MISOELLANEOUS
919 370 1134 426 cateruas.

305 544 426 622 tentioe,
441 549 572 628 propter
590 552 701 608 votum
722 543 808 627 quod
830 564 979 607 voveram
1001 543 1048 607 ire
1069 543 1219 622 Romam,
1238 549 1282 621 et,
1302 541 1338 605 in
1360 562 1409 605 re·

305 647 489 711 missionem
515 647 661 710 omniurn
684 653 890 729 peccatorum
911 667 1067 724 meorum,
1090 654 1276 710 oonstmere
1302 664 1408 709 ooeno-

305 748 397 813 bium
411 750 641 813 monachorum
650 749 685 812 in
700 750 821 813 honore
836 749 972 832 apostoli
987 750 1086 826 Petri,
1102 758 1210 812 ratum
1224 747 1360 825 faciatis,
1375 754 1409 811 et

305 851 471 935 privilegia
493 852 729 936 possessionum
755 860 788 915 et
813 851 1008 934 dignitatum
1034 852 1178 937 ejusdem
1208 852 1270 915 loci
1294 851 1409 916 confir-

306 956 412 1034 metis,
427 955 595 1032 renovetis,
612 963 708 1038 atquc
727 955 881 1038 augeatis,
897 971 931 1019 et
944 955 1181 1038 imperpetuum
1196 952 1411 1018 immutabilia

307 1065 391 1122 stare
406 1057 594 1121 decernatis.
639 1059 711 1138 Ego
721 1079 848 1140 quoquc
862 1079 922 1141 pro
936 1057 1068 1123 modulo
1082 1079 1155 1121 meo
1170 1079 1273 1141 augeo
1287 1064 1321 1121 et
1335 1077 1410 1119 con-

308 1161 401 1224 firmo
425 1160 618 1224 donaciones
644 1168 677 1224 et
702 1161 952 1225 consuetudines
977 1162 1183 1244 pecuniarum
1209 1183 1288 1243 quas
1313 1160 1410 1224 habet

309 1263 447 1327 Sanctus
472 1263 588 1326 Petrus
612 1262 648 1325 in
671 1262 800 1345 Anglia,
825 1270 858 1326 et
878 1263 964 1346 ipsas
986 1264 1139 1346 pecunias
1163 1264 1313 1328 collectos
1335 1283 1409 1326 cum

307 1363 468 1448 regalibus
482 1365 576 1429 donis
594 1365 689 1429 mitto
704 1364 804 1443 vobin,
820 1371 857 1427 ut
878 1366 977 1428 oretis
990 1386 1049 1448 pro
1065 1388 1117 1429 mc
1135 1373 1169 1430 et
1182 1386 1240 1448 pro
1254 1386 1332 1448 paee
1346 1365 1410 1428 mei

306 1469 409 1552 regni,
428 1477 461 1532 et
483 1469 670 1533 continuam
694 1490 730 1532 ac
752 1467 952 1550 solempnem
973 1468 1162 1532 memoriam
1184 1466 1296 1531 baberi
1318 1467 1409 1530 insti-

307 1571 408 1635 tuatis
430 1571 534 1635 tocius
558 1569 664 1652 gentis
682 1570 865 1654 Anglorum
886 1590 995 1633 coram
1017 1571 1204 1654 corporibus
1225 1578 1410 1634 sanctorum

307 1675 534 1758 apostolorum.
565 1673 714 1736 Velete.''
761 1673 825 1736 His
838 1673 939 1755 igitur
952 1673 1068 1737 litteris
1082 1696 1102 1737 a
1116 1694 1243 1737 summo
1259 1673 1410 1757 pontifice

308 1777 473 1858 susceptis,
496 1796 571 1838 cum
594 1774 729 1838 feliciter
751 1774 792 1838 ad
813 1785 925 1838 votum
947 1797 1043 1840 sunm
1063 1776 1213 1840 omnibns
1233 1777 1369 1860 peractis
1390 1799 1410 1840 a

310 1880 415 1943 Roma
443 1877 593 1956 redirent,
621 1878 808 1941 consulente
838 1887 951 1943 sancta
979 1881 1112 1964 synodo,
1143 1881 1362 1945 transmissam
1390 1900 1410 1942 s

308 1981 440 2045 domino
461 2003 544 2064 papa
570 1980 649 2043 mihi
671 1980 858 2044 detulerunt
882 1983 1059 2066 epistolam.
1112 1983 1320 2047 “Nicholaus
1344 1983 1409 2065 epi·

308 2107 431 2170 scopus,
445 2105 553 2147 servus
562 2105 725 2148 servorum
735 2084 808 2161 Dei,
819 2085 1049 2166 gloriosissimo
1057 2108 1095 2152 ac
1106 2086 1249 2170 piissimo
1259 2086 1409 2168 omnique

308 2188 429 2252 honore
458 2185 657 2269 dignissimo,
676 2186 835 2269 spirituali
860 2209 988 2271 qnoque
1016 2189 1083 2252 filio
1111 2198 1232 2266 nostro,
1254 2187 1409 2252 Edwardo

309 2292 490 2373 Anglorum
505 2290 583 2372 regi,
596 2289 811 2353 visitationem
821 2290 1051 2368 omnimodam,
1063 2291 1199 2354 salutem
1213 2291 1408 2367 mellillam,

309 2403 343 2459 et
365 2393 620 2457 benedictionem
642 2392 860 2476 apostolicam.
906 2393 1129 2475 Omnipotenti
1151 2393 1222 2456 Deo
1243 2393 1410 2456 referimus

309 2503 425 2581 grates,
442 2497 496 2580 qui
513 2505 651 2559 vestram
669 2494 950 2579 prudentissimam
970 2495 1191 2561 excellentiam
1208 2496 1243 2558 in
1261 2495 1409 2559 omnibus

309 2601 434 2666 ornavit
453 2622 491 2665 ec
508 2600 668 2665 decoravit
687 2620 763 2681 erga
782 2599 914 2663 beatum
933 2602 1067 2663 Petrum
1088 2600 1304 2683 apostolorum
1323 2599 1408 2684 prin-

309 2704 422 2789 cipem,
433 2711 466 2767 ct
480 2703 648 2767 nobiscum
663 2702 781 2766 habere
795 2701 1011 2781 dilectionem,
1024 2710 1056 2766 et
1071 2704 1106 2765 in
1120 2702 1270 2767 omnibus
1284 2711 1409 2785 aposto·

309 2807 379 2871 licis
388 2806 568 2869 consentire
580 2804 732 2868 censuris.
769 2804 894 2869 Literna
904 2805 1004 2887 igitur
1014 2814 1125 2869 vestre
1136 2805 1409 2869 nobilitatitrans·

309 2910 478 2986 mittimus,
503 2916 536 2971 et
558 2929 615 2990 per
640 2928 693 2970 eas
718 2908 904 2971 societatem
927 2915 1111 2971 sanctorum
1137 2907 1353 2990 apostolorum
1377 2916 1410 2969 et

309 3020 452 3076 nostram
475 3009 563 3073 vobis
581 3009 705 3087 damus,
730 3016 859 3073 orantes
883 3010 1137 3074 misericordiam
1165 3010 1254 3073 illius
1280 3011 1336 3093 qui
1360 3018 1410 3073 est

310 3114 471 3178 Dominus
485 3112 640 3190 omnium,
653 3119 685 3175 et
698 3113 765 3175 Rex
774 3134 869 3196 super
883 3114 992 3177 omnia
1002 3114 1099 3191 solus,
1112 3121 1149 3176 ut
1160 3114 1227 3196 ipsc
1241 3134 1297 3176 vos
1312 3115 1411 3197 parti-

310 3217 413 3300 cipem
427 3215 525 3279 faciat
539 3235 576 3277 cr
591 3215 750 3293 omnibus,
767 3216 795 3278 si
809 3238 873 3298 que
887 3224 963 3279 sunt
978 3236 1086 3279 coram
1101 3216 1182 3293 Deo,
1200 3216 1292 3279 bonis
1306 3217 1409 3300 operi-

310 3319 370 3383 bus
381 3318 509 3394 nostris,
520 3324 552 3379 et
566 3316 680 3379 batres
694 3338 754 3381 nos
769 3338 806 3382 ac
821 3318 924 3382 socios
935 3318 971 3380 in
981 3339 1040 3381 sua
1050 3317 1221 3381 dilectione
1235 3319 1411 3383 constituat

309 3422 343 3483 in
367 3420 456 3483 omni
482 3427 627 3502 tempore
653 3419 799 3503 amplius,
826 3441 864 3483 ac
887 3443 954 3484 non
979 3422 1138 3484 minorem
1159 3430 1284 3505 partem
1306 3424 1411 3486 nostri

309 3521 455 3605 obsequii
470 3520 559 3585 vobis
573 3521 777 3604 reconsignet
798 3522 834 3584 in
851 3544 909 3586 suo
926 3544 1026 3604 regno
1041 3544 1137 3605 quam
1155 3522 1316 3587 nobismet
1333 3524 1411 3607 ipsis

309 3625 475 3709 provenire
497 3632 656 3708 optamus.
703 3624 834 3688 Erimus
855 3626 959 3689 eciam
979 3624 1130 3708 deinceps
1150 3646 1208 3708 pro
1230 3625 1320 3689 vobis
1342 3627 1411 3691 sine

308 3728 407 3793 dubio
425 3736 552 3791 orantes
574 3727 698 3790 assidue
716 3738 753 3791 ut
770 3728 838 3811 ipse
853 3728 942 3792 Deus
962 3727 1051 3791 vobis
1068 3728 1223 3812 subjiceat
1246 3729 1355 3793 hostes
1378 3737 1411 3793 et

307 3832 454 3896 inimicos
470 3832 526 3915 qui
540 3839 652 3894 contra
666 3852 722 3893 vos
737 3831 896 3894 voluerint
915 3851 1055 3914 surgere,
1071 3838 1104 3895 et
1118 3832 1286 3894 confirmet
1300 3853 1356 3895 vos
1375 3833 1410 3895 in

307 3944 442 4020 paterno
471 3934 550 3999 solio
576 3942 608 3996 et
635 3934 761 4017 propria
786 3933 983 4013 hereditate3
1015 3956 1051 3998 ac
1080 3933 1195 3997 beatus
1224 3935 1340 3999 Petrus
1368 3937 1411 3999 sit

307 4040 397 4103 vobis
418 4046 524 4102 custos
543 4045 575 4100 et
593 4036 720 4119 adjutor
735 4058 860 4119 semper
879 4036 914 4099 in
931 4037 1021 4101 omni
1038 4038 1257 4103 tribulatione.
1303 4039 1411 4103 Claret

308 4143 394 4208 enim
410 4141 590 4223 Anglorum
606 4159 695 4221 reges
711 4159 769 4221 pro
784 4139 963 4202 reverentia
978 4148 1011 4202 et
1025 4138 1196 4203 devocione
1210 4162 1307 4223 quam
1321 4142 1410 4205 exhi-

308 4245 447 4309 buerunt
477 4243 570 4306 beato
597 4242 703 4317 Petro,
729 4241 833 4322 gloria
858 4250 891 4305 et
916 4242 1038 4305 honore
1064 4242 1220 4319 floruisse,
1248 4264 1285 4306 ac
1310 4244 1411 4326 ipsius

199 4397 201 4401 .
307 4346 484 4431 patrocinio
501 4345 639 4408 famosos
656 4343 837 4430 triumphos
856 4344 1043 4422 obtinuisse,
1060 4344 1152 4427 cujus
1171 4344 1257 4409 beati
1274 4348 1411 4429 apostoli
