3234 5125
285 430 338 484 498
774 427 907 484 WILLS.

287 621 380 667 cusas
400 600 480 678 auri,
497 609 530 665 et
548 600 629 665 duos
647 622 756 685 equos,
771 607 805 665 et
823 622 935 666 omnes
957 621 1052 664 canes
1071 619 1159 663 meos
1169 625 1178 676 ;
1205 604 1239 661 et
1256 596 1394 662 dominae

286 724 366 766 meae
387 702 507 784 reginae
527 723 600 766 xxx.
620 725 789 768 mancusas
812 704 893 782 auri,
917 711 949 766 et
972 711 1091 767 terram
1112 700 1335 779 Westwieam3
1360 706 1394 764 et

287 806 407 868 Sancto
421 804 550 868 Albano
569 812 688 868 terram
708 828 780 889 quae
800 813 933 870 vocatus
951 805 1145 884 Getesdene,
1168 825 1207 868 eo
1226 812 1339 867 tenore
1354 808 1393 865 ut

285 907 434 971 fruantur
457 929 496 972 ea
515 907 630 972 fratres
652 910 885 987 communiter;
909 916 942 972 et
965 929 1039 972 xxx.
1064 928 1233 971 mancusas
1256 905 1336 984 aun',
1359 913 1393 968 et

286 1029 357 1072 xxx.
374 1009 481 1088 boves,
496 1030 548 1074 xx.
563 1009 603 1073 de
619 1011 809 1088 Getesdene,
825 1019 859 1076 et
875 1032 906 1074 x.
922 1010 963 1075 de
976 1013 1113 1075 Aoersce
1122 1037 1132 1088 ;
1155 1017 1189 1074 et
1202 1031 1256 1072 xx.
1271 1028 1391 1086 vaccas,

287 1133 317 1174 x.
330 1112 574 1190 deGetesdcnc,
585 1119 657 1176 etx.
669 1113 709 1176 de
719 1114 875 1190 Acersce3
899 1121 932 1177 et
943 1133 1025 1176 cen.
1041 1121 1170 1191 oves,et
1180 1132 1309 1195 gregem
1319 1131 1391 1194 por-

286 1235 407 1292 comm,
424 1220 457 1276 et
474 1212 645 1278 subulcum
666 1236 739 1278 cum
758 1215 856 1298 ipsis;
879 1223 913 1279 et
932 1214 1012 1278 duos
1034 1214 1144 1298 ciphos
1164 1220 1342 1298 argenteos,
1358 1219 1392 1276 et

286 1315 351 1378 duo
366 1335 493 1394 cornua,
504 1321 538 1380 et
551 1337 654 1378 unum
665 1316 795 1394 librum,
806 1325 840 1380 et
855 1338 953 1380 unam
968 1317 1137 1394 cortinam,
1148 1323 1181 1380 et
1194 1338 1299 1380 unum
1313 1314 1391 1378 ban·

286 1418 363 1496 cale,
374 1417 513 1482 concedo
522 1439 596 1483 cum
608 1439 766 1482 consensu
775 1419 899 1482 domini
912 1419 978 1482 mei
991 1419 1087 1502 regis.
1120 1419 1262 1483 Etillnm
1272 1425 1391 1483 terram

286 1520 371 1604 apud
380 1519 584 1602 Longaforde
595 1520 728 1584 Elinoso
743 1519 811 1583 dies
826 1541 911 1598 suos,
922 1541 961 1584 eo
974 1528 1087 1584 tenore
1096 1529 1134 1583 ut
1147 1520 1284 1604 singulis
1299 1520 1391 1583 annis

286 1621 340 1686 det
356 1623 396 1686 ad
413 1623 548 1686 Hiccam
560 1629 686 1706 pastum
701 1622 958 1706 triumudiernm3
982 1630 1097 1708 etpost
1108 1623 1175 1686 dies
1190 1645 1266 1686 suos
1280 1644 1389 1706 supra·

286 1725 405 1788 dictam
420 1731 550 1788 terram.
597 1726 641 1787 Et
656 1724 822 1788 Leofwino
840 1725 951 1808 nepoti
969 1746 1042 1788 meo
1059 1747 1158 1788 unam
1177 1725 1288 1788 hidam
1305 1723 1390 1808 apud

285 1826 439 1904 Cliftune,
463 1835 496 1890 et
514 1826 603 1889 illam
625 1826 791 1890 dimidiam
815 1849 912 1910 quam
934 1827 1171 1890 Winemannus
1194 1825 1325 1904 habuit3
1356 1833 1390 1890 et

285 1929 460 1994 Elswoldus
478 1937 597 1992 terram
612 1930 779 1993 Mundene
797 1929 865 1992 dies
883 1951 958 1993 suos
977 1929 1104 2007 habeat,
1120 1950 1159 1992 eo
1178 1936 1290 1993 tenore
1305 1928 1389 2011 quod

284 2031 374 2095 dabit
398 2031 490 2094 annis
516 2031 660 2114 singulis,
683 2032 717 2094 in
743 2031 1000 2115 Quadrsgesima
1023 2031 1064 2095 nd
1088 2031 1311 2114 Brahcingum
1334 2051 1389 2093 sex

284 2133 408 2198 modios
426 2134 466 2197 de
484 2133 581 2211 brais,
597 2141 630 2196 et
649 2133 690 2196 sd
709 2133 770 2197 hoo
789 2134 928 2198 farinam
947 2141 981 2198 et
998 2134 1111 2218 pisces,
1127 2140 1161 2198 et
1179 2133 1389 2197 tandumdem

284 2235 324 2299 ad
352 2235 562 2317 Wellingum.
616 2236 661 2298 Et
691 2235 863 2299 Lcofsinus
896 2235 1013 2300 habeat
1043 2235 1223 2313 Stendune,
1253 2242 1287 2298 et
1315 2243 1389 2318 post

282 2337 389 2421 ipsum
407 2336 569 2415 Ifwoldus,
589 2345 622 2400 et
641 2344 715 2421 post
733 2345 870 2401 mortem
890 2337 1069 2416 amborum,
1087 2339 1227 2402 Sanetus
1240 2336 1388 2402 Albanus

281 2439 468 2523 praedictam
483 2445 601 2502 terram
616 2438 744 2516 habeat,
759 2461 820 2523 pro
840 2441 906 2504 suis
926 2439 1104 2518 animabus,
1121 2441 1389 2522 dominorumque

213 2620 217 2629 ¹
281 2564 422 2607 suorum.
462 2542 506 2605 Et
528 2541 674 2605 Leofsius
693 2549 814 2606 terram
830 2543 1007 2625 Offanlege,
1027 2550 1059 2606 et
1079 2563 1175 2606 omne
1200 2542 1286 2627 quod
1306 2542 1389 2606 liber

195 2677 198 2684 ·
275 2646 384 2723 docet,
409 2652 442 2710 et
471 2652 590 2709 terram
620 2645 813 2728 Ciwingnm,
840 2646 881 2709 sd
910 2666 1023 2729 porcos
1051 2644 1097 2709 ibi
1126 2645 1325 2723 nutriendos,
1348 2666 1388 2709 eo

278 2742 392 2815 -tenore
417 2754 454 2811 ut
483 2746 576 2811 sumis
606 2748 751 2830 singulis,
779 2769 837 2831 pro
861 2749 955 2811 firma
977 2748 1017 2810 de
1046 2747 1118 2811 istis
1143 2748 1269 2811 duabus
1291 2747 1386 2825 villis,

280 2873 410 2916 omnem
433 2851 712 2933 congregationem
738 2850 849 2915 Sancti
863 2849 983 2914 Albani
1003 2850 1108 2914 tribus
1131 2849 1244 2915 diebus
1266 2858 1386 2934 pascat,

280 2962 336 3017 aut
353 2975 411 3038 pro
434 2954 526 3017 firma
548 2953 637 3017 dabit
655 2954 715 3017 hoo
733 2953 820 3036 quod
839 2974 899 3035 ego
916 2954 1088 3017 testificata
1112 2974 1184 3017 sum
1201 2954 1387 3017 testimonio

278 3058 473 3141 optimatum
496 3056 619 3120 domini
641 3056 713 3121 mei.
760 3059 804 3121 Et
826 3064 948 3120 terram
963 3056 1055 3140 ,apud
1076 3056 1254 3134 Weodune,
1274 3063 1307 3120 et
1326 3078 1386 3139 pro

279 3159 335 3221 illa
349 3158 497 3221 similiter
511 3158 607 3221 iaciat
622 3159 707 3242 quod
722 3159 894 3222 testificata
909 3180 991 3222 sum.
1029 3160 1205 3235 Bitonem
1220 3158 1387 3241 Offanlege

280 3259 370 3323 dabit
394 3259 551 3335 filiosuo,
575 3259 602 3321 si
626 3260 666 3321 de
689 3259 880 3342 desponsata
902 3260 1036 3323 muliere
1062 3260 1165 3323 filium
1187 3260 1304 3338 habet;
1335 3262 1386 3324 sin

282 3368 400 3438 autem,
425 3359 554 3424 dabitur
580 3361 700 3424 Sancto
725 3361 864 3440 Albam,
890 3370 1008 3446 praeter
1029 3362 1119 3426 illam
1142 3361 1199 3425 ubi
1222 3363 1385 3426 Tatnlwus

282 3462 381 3540 sedet,
403 3469 436 3525 et
458 3462 660 3540 E’delferdus,
681 3471 713 3526 et
739 3462 912 3541 Edelswi’d,
930 3463 986 3527 illa
1007 3463 1137 3528 dabitur
1154 3464 1228 3527 filiae
1248 3464 1386 3528 dominae

281 3586 347 3627 suae
371 3563 513 3646 Elsgiue,
539 3563 566 3626 si
579 3612 581 3615 -
596 3564 699 3627 adhue
728 3564 825 3641 vivit3
856 3566 884 3629 si
913 3586 989 3643 non,
1012 3573 1083 3629 tota
1113 3567 1233 3629 Sancto
1258 3567 1387 3631 Albano

281 3662 442 3725 reddatur.
489 3662 533 3724 Et
549 3662 726 3726 Alfwoldus
749 3663 956 3727 medietatem
971 3672 1066 3727 terrae
1080 3664 1167 3747 apud
1182 3664 1387 3729 Lundoniam

282 3764 418 3841 habeat3
445 3772 478 3827 et
508 3763 593 3825 filius
622 3764 691 3848 ejus
710 3764 852 3827 Elfheah
881 3765 1098 3829 medietatem.
1149 3766 1208 3849 [nt
1237 3766 1379 3849 dabitur]

282 3866 444 3931 Leofrune
463 3873 549 3929 terra
562 3865 722 3944 Watford,
744 3874 777 3929 et
799 3866 884 3949 apud
906 3867 1068 3930 Weotune
1090 3867 1171 3930 duos
1188 3867 1335 3932 homines
1352 3877 1386 3932 et

281 3977 355 4032 octo
369 3969 476 4046 boves,
493 3977 553 4031 eto.

325 4074 365 4152 »1⁴
382 4073 453 4153 Ego
468 4069 661 4134 Edwardus¹
678 4092 732 4133 rex
748 4072 900 4135 concessi.
949 4075 989 4153 »1⁴
1006 4073 1077 4154 Ego
1093 4073 1243 4137 Deodred
1257 4072 1386 4157 praesul.

282 4177 321 4255 ›1‹
339 4175 409 4257 Ego
425 4174 598 4255 Wulgarus
614 4173 779 4258 episcopus
794 4176 946 4239 concessi.
988 4178 1027 4256 ›1‹
1045 4177 1117 4258 Ego
1131 4175 1307 4260 Burgricns
1320 4176 1387 4258 epi-

278 4297 403 4363 scopus.
465 4278 505 4356 »1⁴
522 4276 593 4357 Ego
608 4275 768 4339 AElfredus
785 4276 962 4359 episcopus.
1023 4280 1063 4358 »1⁴
1080 4280 1151 4360 Ego
1166 4277 1388 4341 Wnlfhelmus

494 4418 496 4423 ·
738 4396 743 4424 ¹
764 4393 933 4448 Edmundns.
