3234 5125
300 444 353 498 lta
575 443 898 501 MISGELLANEOUS
916 443 1133 500 CHARTERS.

298 613 410 679 didicit
435 615 476 680 ab
501 637 549 695 ea,
573 617 659 700 quod
680 617 804 701 prefata
826 617 923 681 tellus
952 616 1013 681 sub
1034 617 1094 682 tali
1114 617 1179 682 sibi
1197 617 1416 682 convencione

300 725 384 781 esset
409 719 553 802 prestita,
581 741 679 804 quam
704 728 738 786 et
762 721 832 805 ipse
852 720 1060 804 postmodum
1081 720 1194 785 multis
1215 741 1325 785 coram
1346 730 1413 785 tes-

299 819 387 884 tibus
404 843 459 886 ore
478 823 642 890 confessus
659 832 708 888 est
727 845 797 902 suo,
815 823 934 888 Sancte
951 823 1112 888 exstitisse
1126 823 1249 901 Marie3
1269 831 1415 889 adamen

300 929 374 1004 post
391 923 460 1006 ejus
477 932 626 1004 mortem,
649 945 715 989 non
737 945 842 1009 prece,
859 945 920 990 nec
939 924 1059 1008 precio,
1073 945 1135 989 nec
1152 924 1185 987 vi
1201 924 1292 988 illam
1313 923 1354 988 ab
1373 945 1414 988 eo

302 1023 485 1090 abstrahere
510 1027 684 1110 potuimus,
707 1027 813 1092 donec
840 1049 917 1091 eum
939 1027 1103 1092 Dominus
1131 1026 1330 1090 infirmitatis
1354 1027 1413 1090 fla·

301 1126 393 1208 gellis
416 1129 607 1212 corriperet3
638 1151 714 1194 nam
737 1151 813 1193 cum
842 1129 910 1194 dies
939 1130 1061 1194 Sancte
1085 1128 1279 1194 Natiuitatis
1305 1129 1413 1193 Marie

301 1228 469 1310 illuxisset,
484 1231 629 1312 celebris,
649 1240 688 1298 ut
706 1233 835 1312 assolet,
853 1239 888 1296 et
905 1231 1044 1316 populus
1060 1252 1100 1296 ex
1113 1231 1248 1296 diversis
1266 1230 1413 1315 partibus

301 1331 342 1396 ad
362 1345 521 1414 nostrum,
536 1335 649 1400 orandi
666 1336 785 1419 gracia,
800 1335 988 1400 conveniret
1005 1333 1251 1412 monesterium,
1267 1333 1360 1398 affuit
1378 1340 1414 1398 et

302 1434 370 1518 ipse
385 1437 548 1502 Walterus
565 1459 639 1504 cum
659 1438 737 1518 suis,
752 1460 850 1522 quem
870 1438 982 1502 statim
999 1437 1052 1502 die
1069 1437 1184 1502 eodem
1200 1437 1337 1521 languor
1349 1437 1412 1500 im·

302 1559 431 1603 mensus
445 1541 563 1624 tetigit.
609 1541 676 1608 Qui
696 1563 770 1606 cum
790 1562 859 1606 sese
870 1541 940 1626 jam
954 1541 1149 1606 moriturum
1163 1539 1320 1618 mederet,
1334 1560 1412 1604 oon-

302 1643 425 1705 vocavit
444 1643 486 1707 ad
508 1665 541 1708 se
558 1643 721 1723 uxorem¹,
736 1643 881 1723 bahem,
901 1643 1146 1727 dapiferumque
1161 1663 1267 1721 suum,
1285 1647 1319 1706 et
1333 1641 1413 1706 alios

302 1747 516 1829 quamplures,
547 1768 683 1830 quorum
713 1747 847 1812 nomina
875 1766 973 1830 penes
1002 1767 1062 1811 nos
1090 1743 1253 1809 habentur
1281 1745 1410 1828 scripta,

302 1869 380 1930 quos
403 1848 445 1912 ad
471 1849 638 1914 ecclesiam
665 1851 782 1914 Sancte
808 1848 872 1914 Dei
897 1847 1064 1932 genitricis
1088 1869 1164 1913 cum
1189 1847 1328 1911 ciroteca
1352 1868 1411 1910 sua

301 1950 443 2030 mittens,
468 1961 508 2017 ut
529 1973 586 2037 per
607 1973 688 2030 eam,
710 1951 803 2017 nobis
825 1950 1038 2034 presentibus,
1058 1950 1252 2034 sepedictam
1273 1950 1409 2013 humum

301 2074 398 2134 quam
416 2053 470 2116 diu
489 2054 608 2138 injuste
626 2061 785 2132 tenuerat,
807 2075 903 2137 super
921 2053 1023 2118 altare
1045 2053 1131 2137 quod
1148 2053 1184 2116 in
1203 2073 1242 2116 ea
1262 2060 1322 2131 est,
1337 2052 1409 2117 Deo

301 2154 463 2220 offerrent.
509 2155 607 2222 Quod
622 2177 696 2220 cum
710 2157 812 2234 fleret,
826 2153 906 2219 hora
920 2177 996 2220 mox
1007 2155 1129 2234 eadem,
1145 2177 1247 2219 unum
1261 2177 1300 2219 ex
1314 2155 1409 2220 nobis

302 2259 496 2322 monachum
513 2258 555 2323 ad
574 2258 708 2323 eandem
726 2267 847 2322 terram
862 2258 1067 2343 saysicndum
1081 2258 1293 2322 destinarunt.
1338 2257 1410 2321 lllis

302 2369 409 2425 autem
424 2361 574 2445 posthoc
593 2361 727 2426 domum
741 2361 985 2440 revertentibus,
1000 2361 1101 2446 ipsius
1121 2382 1292 2446 germanus
1310 2359 1409 2425 frater

300 2463 340 2526 ab
360 2484 399 2528 eo
418 2463 504 2546 quod
522 2463 664 2528 fecerant
685 2464 714 2528 si
732 2463 829 2528 vellet
843 2464 1019 2530 concedere
1034 2463 1191 2548 quesivit:
1216 2463 1360 2547 quicum
1375 2484 1410 2527 se

300 2566 362 2631 hoc
376 2566 457 2631 velle
472 2566 638 2645 fateretm,
655 2568 806 2651 “Accipe
821 2569 934 2647 tunc,'’
953 2566 1079 2652 inquid,
1095 2573 1117 2603 “
1127 2569 1211 2633 hanc
1225 2567 1407 2645 cirotecam,

186 2703 190 2711 v
299 2691 396 2753 quam
418 2691 457 2734 ex
476 2670 542 2735 tuis
552 2669 750 2755 jussionibus
768 2672 840 2735 Deo
860 2670 1049 2754 optulimus,
1070 2679 1104 2734 et
1122 2670 1238 2755 prioris
1258 2670 1406 2735 manibus

299 2773 390 2836 trade
398 2773 420 2805 '¹
429 2798 439 2851 ,·
471 2772 603 2837 adherat
628 2794 767 2857 namque
791 2772 880 2858 prior
901 2780 980 2839 tunc
1005 2772 1126 2839 ibidem
1149 2794 1215 2837 una
1239 2772 1407 2839 uobiscum

283 2876 460 2987 munibus.
505 2874 602 2943 Quod
624 2896 698 2940 cum
718 2875 856 2955 fecisset,
878 2882 958 2941 tunc
980 2875 1081 2940 eciam
1102 2883 1136 2941 et
1158 2875 1222 2939 duo
1244 2896 1341 2941 aurea
1360 2876 1407 2941 fe·

300 2986 397 3056 retra,
412 2998 474 3062 que
489 2978 560 3062 jam
577 2977 728 3043 defuncta
744 2978 865 3041 femina
884 2998 959 3041 cum
980 2978 1164 3063 supradicta
1180 2978 1296 3043 tellure
1315 2979 1408 3045 nobis

300 3081 501 3165 promiserat,
523 3078 673 3145 reddidit.
722 3080 878 3164 Sequenti
900 3102 976 3145 vero
997 3089 1093 3145 nocte
1114 3080 1248 3145 mittens
1274 3081 1314 3145 ad
1336 3103 1407 3161 nos,

299 3184 398 3247 semel
413 3204 449 3247 ac
464 3182 604 3247 secundo
619 3190 652 3247 et
666 3182 776 3262 tercio,
791 3183 1018 3249 monachicum
1032 3183 1180 3248 habitum
1195 3183 1322 3249 obnixis
1336 3206 1408 3269 pre-

300 3285 392 3350 cibus
409 3286 470 3350 sibi
488 3286 557 3349 dari
574 3285 687 3369 petiit:
711 3286 804 3371 cujus
824 3286 973 3369 precibus
987 3285 1119 3350 tandem
1137 3285 1264 3364 devicti,
1280 3286 1322 3351 ad
1338 3288 1408 3371 ejus

300 3387 479 3471 hospicium
496 3409 598 3471 usque
617 3387 815 3471 perreximus
823 3414 834 3467 3
857 3396 1002 3453 attamen
1017 3396 1191 3473 antequam
1206 3410 1281 3453 eum
1294 3389 1409 3455 habitu

300 3488 487 3553 monachico
512 3488 644 3554 induere
667 3489 838 3569 voluimus,
861 3489 901 3554 ab
926 3490 997 3575 ipso
1019 3489 1181 3575 inquirere
1203 3490 1357 3573 cepimus,
1379 3491 1407 3557 si

300 3592 476 3657 monachus
504 3591 573 3658 fieri
601 3593 715 3672 vellet3
746 3601 779 3658 et
808 3592 837 3657 si
865 3593 958 3659 nobis
987 3594 1093 3659 verbis
1120 3594 1312 3679 respondere
1340 3617 1408 3661 nou

299 3704 415 3782 posset,
445 3696 560 3761 saltem
588 3694 674 3759 labia
699 3704 842 3760 moveret
866 3717 925 3780 pro
954 3696 1058 3781 signo,
1082 3704 1117 3761 et
1141 3718 1288 3781 pugnum
1311 3720 1408 3763 suum

299 3796 469 3863 clauderet.
515 3796 581 3865 Qui
610 3818 684 3862 cum
708 3797 771 3863 hoc
795 3798 990 3882 perfecisset,
1011 3800 1097 3885 oepit
1121 3800 1223 3865 eciam
1245 3800 1287 3864 ad
1308 3823 1353 3881 sc,
1368 3811 1407 3868 ut

298 3900 415 3985 potuit,
439 3900 600 3967 cucullum
629 3900 767 3967 trabere.
822 3901 913 3965 'lunc
942 3922 1055 3967 omnes
1080 3911 1223 3969 astantes
1251 3903 1350 3969 simul
1374 3913 1408 3970 et

298 4025 432 4069 uxorem
449 4004 529 4087 ejus,
544 4004 571 4067 si
589 4004 706 4067 vellent
726 4003 901 4069 concedere
915 4003 1000 4089 quod
1019 4026 1132 4070 eornm
1147 4005 1296 4070 dominus
1315 4007 1408 4072 fieret

299 4108 486 4186 monachus,
503 4106 779 4191 interrogavimus.
826 4106 880 4171 Illi
899 4116 1008 4171 autem
1025 4130 1137 4173 omnes
1157 4110 1276 4195 puriter
1293 4109 1408 4175 flentes

297 4219 335 4273 ut
357 4210 456 4273 ullam
479 4231 602 4273 moram
624 4218 816 4294 pateremur,
837 4231 896 4274 nos
918 4210 1041 4295 precari
1063 4232 1184 4296 cepere,
1206 4212 1281 4295 quia
1303 4216 1407 4279 “ecce

293 4314 362 4399 jam
388 4312 557 4376 moritur’'
581 4312 742 4395 inquiunt.
803 4313 874 4377 Hec
897 4334 973 4377 vero
999 4313 1077 4398 ipsis
1102 4313 1284 4381 dicentibus
1307 4321 1406 4399 atque

724 4436 733 4469 ¹
753 4440 779 4491 A
791 4438 889 4493 second
901 4438 972 4493 wife.
