3234 5125
479 451 800 510 MISCELLANEOUS
819 455 1032 514 GHAR'l'ERS.
1272 465 1307 517 d?

206 645 363 710 equorum
379 631 412 688 et
426 623 587 688 falconum
603 626 870 710 accepitmmque,
886 635 920 692 ct
934 650 1051 693 cenum
1066 633 1258 715 acceptione,
1274 642 1308 697 et

204 729 333 793 illorum
355 726 524 791 hominum
540 727 714 792 reiectione
736 751 817 812 quos
842 751 902 794 nos
927 731 1144 816 festingmenn
1160 735 1307 800 nomina·

206 853 325 909 mus,a
349 829 541 914 parafrithis,
561 839 595 894 et
618 831 659 894 sb
683 831 835 895 omnibus
856 832 1098 899 difficultatibus
1119 837 1235 920 regulis
1256 838 1307 902 vel

208 934 359 1000 recolens
382 933 556 1011 servitutis,
579 933 665 997 notis
691 941 724 998 et
746 934 877 1018 ignotis,
901 957 975 1000 cum
996 937 1078 1002 iuris
1100 940 1306 1023 comprehen-

207 1039 296 1102 sione
310 1037 399 1100 intus
416 1035 545 1114 etforis,
556 1035 686 1120 majoris
700 1036 882 1117 minorisve,
897 1048 1005 1122 preter
1018 1041 1127 1124 pontis
1143 1049 1306 1106 construc-

208 1141 332 1204 tionem
345 1146 380 1203 et
393 1137 627 1222 expeditionem
642 1139 829 1204 eternaliter
840 1140 976 1206 liberata
990 1152 1184 1225 permaneat.

254 1247 294 1325 ›1‹
310 1244 381 1325 Ego
396 1241 585 1324 Ecgbertos,
600 1261 656 1306 rex
671 1241 863 1324 Anglorum,
878 1243 963 1308 hanc
977 1245 1183 1310 donationem
1200 1267 1306 1310 meam

208 1347 305 1431 hujus
318 1345 477 1410 libertatis
495 1344 588 1428 signo
608 1343 711 1408 sancti
728 1345 833 1408 crucis
847 1343 969 1410 Christi
983 1347 1169 1413 confirmavi
1183 1357 1216 1412 ct
1230 1348 1306 1412 sub-

208 1448 329 1534 scripsi.
361 1452 401 1530 ›1‹
418 1450 489 1531 Ego
497 1447 685 1510 AEtbeluulf
694 1467 748 1511 rex
758 1448 904 1511 consensi
918 1457 952 1512 et
965 1449 1148 1535 subscripsi.
1179 1454 1219 1532 ›1‹
1235 1452 1308 1535 Ego

210 1551 347 1618 Uulfred
362 1549 615 1634 archiepiscopus
629 1550 775 1614 consensi
790 1557 823 1613 et
838 1550 1022 1635 subscripsi.
1072 1557 1112 1635 ›1‹
1128 1555 1200 1636 Ego
1213 1553 1306 1636 wig.

206 1658 294 1740 degn
318 1654 485 1738 episcopus
510 1653 657 1718 consensi
683 1661 715 1717 et
740 1652 923 1737 subscripsi.
998 1658 1038 1736 ›1‹
1054 1658 1126 1739 Ego
1151 1654 1308 1720 Ealhsten

208 1760 376 1842 episcopus
396 1756 543 1822 consensi
560 1763 594 1820 et
610 1755 790 1839 subscripsi.
838 1759 878 1837 ›1‹
895 1758 967 1840 Iigo
981 1757 1166 1822 Bcornmod
1186 1757 1307 1843 episco-

210 1883 269 1946 pus
289 1859 435 1926 consensi
458 1867 492 1923 et
511 1858 693 1942 subscripsi.
740 1861 779 1941 ›1‹
797 1861 868 1942 Ego
882 1859 1058 1924 Wnlihard
1075 1861 1141 1925 dur
1159 1861 1308 1926 consensi

208 1971 241 2028 ct
262 1962 442 2046 subscripsi.
490 1964 529 2044 ’1⁴
545 1962 616 2044 Ego
637 1961 796 2026 Monuedi
817 1962 883 2025 dux
904 1965 1051 2027 consensi
1069 1972 1102 2028 et
1124 1965 1308 2049 subscripsi.

210 2071 250 2149 ›1‹
267 2068 339 2150 Ego
361 2065 482 2130 Osmod
504 2064 569 2128 dur
591 2063 737 2158 consensi
759 2071 793 2128 et
815 2065 997 2149 subscripsi.
1043 2070 1084 2149 ›1‹
1100 2067 1172 2151 Ego
1190 2067 1309 2132 Duddn

212 2170 286 2234 dux.
323 2167 453 2232 Aldred.
484 2167 617 2246 Osbcro.
649 2166 827 2232 AEbeluulf.
855 2167 983 2232 Duduc.
1007 2169 1108 2233 Boba.
1136 2169 1306 2234 Ealhhere.

210 2272 366 2357 Sigesteb.
409 2269 596 2336 AEiielhsrd.

242 2727 337 2783 KING
356 2722 591 2781 BEORNUULF
608 2722 657 2777 OF
674 2720 834 2776 MEROIA.
871 2718 950 2773 OOT.
969 2719 1047 2773 titire
1065 2717 1277 2774 uocum.

256 2880 296 2958 ›1‹
313 2876 483 2959 Regnsnte
506 2872 731 2956 inperpetuum
755 2867 898 2932 Domino
919 2864 1070 2963 nostrod
1072 2864 1152 2929 besu
1168 2864 1309 2945 Christo,

212 2979 267 3062 qui
280 2977 394 3043 mundi
408 2974 627 3041 monarchiam
641 2994 700 3037 sus
714 2991 839 3054 semper
852 2970 972 3033 virtute
986 2967 1145 3051 gubernet
1164 2968 1201 3031 in
1217 2976 1310 3032 reter-

214 3104 291 3147 num
303 3108 311 3145 :
335 3102 420 3145 enno
431 3099 506 3143 vero
517 3078 558 3141 sb
572 3074 792 3140 incarnatione
803 3071 939 3137 Domini
952 3071 1056 3134 nostri
1071 3070 1093 3133 J
1094 3071 1175 3135 heau
1189 3070 1312 3135 Christi

214 3180 632 3262 uccc.xx1111.,Indictione
655 3185 764 3242 autem
784 3197 835 3254 11.,
852 3182 1009 3258 regnante
1025 3172 1213 3253 Beornulfo,
1236 3194 1312 3259 rege

214 3287 423 3364 Marciorum,
438 3284 560 3349 iactum
578 3289 627 3347 est
644 3278 828 3365 pontificale
842 3284 875 3341 et
889 3276 1033 3341 sinodale
1052 3276 1312 3357 conciliabulum,

213 3390 247 3455 in
261 3391 332 3455 loco
348 3388 403 3473 qui
417 3388 536 3452 dicitur
550 3383 745 3461 clofeshoas,
761 3380 954 3465 prresidcntc
966 3378 1013 3443 ibi
1027 3399 1102 3462 rege
1116 3379 1259 3462 prefato,
1274 3400 1313 3443 sc

213 3491 391 3559 venerando
419 3491 488 3555 viro
511 3486 680 3553 Wuliredo
710 3483 957 3568 archiepiscopo,
987 3481 1044 3545 illo
1073 3490 1234 3545 conventu
1262 3502 1312 3545 re·

213 3604 309 3680 gente
324 3616 361 3659 ac
375 3592 571 3659 moderante.
616 3588 690 3653 Illic
707 3608 820 3650 omnes
836 3584 976 3668 episcopi
989 3583 1103 3662 nostri,
1119 3592 1153 3647 et
1170 3583 1312 3661 sbbatea,

214 3706 248 3762 et
265 3695 405 3761 universi
420 3692 638 3760 Mercensium
660 3689 831 3775 principes,
847 3694 880 3751 et
894 3686 992 3749 multi
1005 3684 1234 3770 sapientissimi
1251 3686 1313 3751 viri

215 3800 402 3885 congregati
428 3797 594 3875 sdcsscnt3
623 3794 680 3859 ubi
703 3793 789 3855 inter
813 3790 877 3853 alie
901 3788 995 3873 plura
1015 3788 1184 3871 colloquia,
1207 3788 1314 3872 aliqus

214 3903 378 3970 contentio
402 3900 500 3965 allata
521 3905 571 3962 est
599 3895 684 3961 inter
711 3892 935 3959 Heaberhtum
960 3890 1146 3975 episcopum
1169 3899 1203 3954 et
1223 3890 1313 3953 illem

214 4006 369 4073 fainilism
384 3999 577 4079 aetBercles,
588 3999 628 4065 de
639 3997 816 4063 hereditate
825 3993 997 4061 AEthelrici
1008 3990 1312 4069 filiiAEthelmundi,

214 4112 276 4176 hoc
300 4116 350 4173 est
369 4104 600 4171 monesterium
622 4099 709 4187 quod
730 4098 917 4163 nominatur
930 4095 1141 4178 Westburhg.
1187 4092 1315 4158 Habuit

214 4220 324 4279 autem
346 4210 512 4295 episcopus
541 4214 616 4281 ente
639 4202 825 4269 nominatus
850 4208 970 4263 terrem
998 4198 1089 4261 illam
1113 4217 1185 4260 cum
1209 4195 1313 4275 libris,

214 4317 299 4381 sicut
317 4311 515 4379 AEthelricus
534 4315 610 4373 unte
624 4304 784 4391 praecepit,
803 4311 841 4366 ut
864 4303 905 4367 sd
919 4303 1192 4383 Weogemensem
1214 4298 1316 4361 eccle-

216 4419 298 4483 siam
317 4414 514 4480 redderetur.
561 4411 693 4475 Statuts
706 4415 755 4470 est
770 4414 879 4470 sutem
897 4412 995 4487 etque
1011 4402 1141 4467 decreto
1155 4401 1195 4466 ab
1210 4400 1313 4465 erchi-

1087 4524 1105 4567 r
1120 4506 1140 4566 2
