3234 5125
474 447 795 507 mscnnnaunous
814 450 1030 506 euincere.
1263 453 1315 507 ua
1412 489 1414 492 .
1441 414 1445 418 i

201 621 292 687 uulso
306 622 461 707 pristinos
474 623 601 687 libellos
616 645 636 686 a
650 622 833 709 Cynebrida
850 632 884 688 et
900 623 1037 687 AElfleda
1057 622 1265 706 conscriptos,
1281 632 1315 688 et

203 725 408 790 AEbeluulfus
422 726 453 788 ci
468 726 568 790 istum
582 735 694 810 postea
708 727 846 792 scribere
861 727 1068 811 precipiebat.
1109 727 1160 790 Ea
1172 723 1314 809 namque

202 829 353 907 dictione,
377 835 415 892 ut
444 828 563 894 habeat
588 837 621 892 et
644 829 828 912 perfruatur
852 851 910 914 per
934 838 1082 912 tempora
1102 829 1167 893 vite
1189 851 1257 908 sue,
1281 837 1314 894 ct

203 939 315 1014 postea
342 931 413 995 eine
438 931 692 996 contradictione
714 932 868 996 reddatur
897 933 938 996 ad
967 933 1076 996 sedem
1101 932 1314 1016 episcopalem

203 1055 266 1117 que
300 1040 350 1097 est
382 1033 418 1096 in
448 1033 693 1116 Uueogemensi
722 1034 862 1114 civitate,
892 1035 1043 1113 antistiti,
1073 1035 1314 1118 qualiscumque

204 1144 311 1200 rector
335 1143 367 1200 et
397 1135 596 1219 gubernator
618 1136 706 1200 illius
728 1146 807 1200 tunc
830 1138 998 1217 exstiterit,
1014 1159 1072 1221 pro
1093 1137 1315 1223 redemptione

205 1241 312 1303 anime
340 1239 490 1303 Cenuulfi
519 1239 606 1323 regis
634 1246 668 1304 et
696 1240 843 1304 omnium
872 1241 1027 1305 heredum
1044 1241 1156 1325 ipsius,
1187 1261 1313 1306 necnon

205 1363 332 1426 quoque
369 1351 402 1406 et
430 1363 488 1425 pro
521 1343 729 1406 renovatione
760 1350 794 1406 et
823 1344 1085 1408 reconciliatione
1111 1344 1198 1427 pacis
1228 1345 1314 1409 inter

204 1445 293 1508 illam
323 1444 478 1507 familiam
503 1465 565 1527 que
594 1452 643 1508 est
673 1445 708 1508 in
732 1445 977 1529 Uueogernensi
1006 1447 1137 1512 civitate
1166 1455 1200 1511 et
1223 1448 1314 1512 illam

205 1567 268 1630 que
291 1555 340 1610 est
363 1547 398 1608 in
414 1545 680 1625 Uuincclcumbe,
705 1554 738 1610 et
758 1549 923 1612 sedatione
944 1549 1102 1614 discordie
1124 1558 1158 1613 et
1179 1550 1313 1615 conviti-

208 1669 300 1712 arum
322 1671 402 1732 quas
426 1657 501 1712 ante
522 1649 608 1713 inter
630 1671 664 1713 se
685 1649 880 1714 habuerunt.
926 1653 971 1716 Et
992 1660 1031 1716 ut
1051 1652 1109 1716 illa
1124 1673 1198 1735 pax,
1216 1675 1314 1736 quam

208 1753 412 1818 Uuaerfribus
435 1753 601 1836 episcopus
630 1761 664 1816 et
693 1753 898 1818 AEiielunlfus
927 1755 1002 1833 dux,
1027 1775 1101 1818 cum
1127 1756 1314 1821 testimonio

207 1855 342 1920 AElfredi
362 1856 456 1939 regis,
477 1864 511 1919 et
530 1855 698 1920 AEiielredi
716 1856 806 1920 ducis
824 1857 1034 1936 Marciorum,
1050 1865 1148 1942 atque
1168 1859 1313 1923 omnium

207 1969 390 2023 senatorum
420 1959 574 2042 ipsorum,
604 1959 808 2037 invenerunt,
838 1960 962 2024 firmior
991 1981 1028 2024 ac
1058 1960 1204 2025 stabilior
1228 1962 1315 2026 inter

82 2074 87 2084 '
207 2063 279 2126 illas
293 2062 524 2146 perpetualiter
537 2070 749 2144 permaneret.
794 2063 839 2126 Et
852 2063 913 2128 hec
927 2063 1077 2127 diffinitio
1090 2085 1165 2127 cum
1182 2065 1314 2130 Unllafo

206 2166 291 2230 facta
306 2173 354 2230 est
369 2187 444 2230 cum
459 2164 645 2230 testimonio
659 2165 917 2248 supradictarum
931 2165 1130 2230 familiarum
1148 2175 1182 2230 ct
1199 2186 1311 2231 eorum

207 2269 376 2334 bominum
392 2289 529 2352 quorum
545 2267 678 2331 nomina
691 2267 776 2332 infra
789 2275 938 2332 caraxata
951 2269 1118 2352 patebunt.

253 2375 291 2453 ›1‹
309 2374 380 2454 Ego
407 2371 563 2436 Uuerfri'b
587 2371 753 2454 episcopus
781 2371 938 2435 consensi.
986 2373 1025 2453 >1⁴
1042 2373 1114 2453 Ego
1142 2371 1315 2436 Berhthun

207 2476 372 2561 presbiter.
429 2476 468 2556 >1⁴
484 2475 555 2557 Ilgo
579 2473 782 2538 Berhtmund
806 2474 973 2558 presbiter.
1031 2474 1314 2556 ›1⁴Ego'l'idbald

208 2579 373 2663 presbiter.
432 2581 471 2659 ›1‹
488 2579 559 2660 Ego
574 2577 710 2662 Cynelm
725 2578 888 2641 diaconus.
946 2581 986 2659 »Β
1003 2579 1075 2660 Ego
1089 2577 1229 2660 Ecgferb
1244 2578 1312 2643 dia·

208 2704 317 2747 conus.
365 2684 403 2762 ›1‹
420 2682 492 2763 Ego
508 2680 695 2763 Wigheard.
742 2682 781 2762 {a
797 2681 870 2763 Ego
881 2679 1055 2743 AElieluulf
1064 2679 1140 2742 dux.
1186 2684 1227 2763 ›1‹
1242 2682 1315 2763 Ego

209 2785 353 2867 Wigred.
393 2787 432 2865 ›1‹
450 2784 616 2847 Cenbriht.
653 2787 694 2866 ›1‹
710 2783 897 2867 Wynhelm.
945 2785 985 2865 ᾧ
1002 2782 1144 2847 Alhelm.
1188 2785 1227 2865 ›1‹
1244 2784 1315 2867 llgo

210 2888 396 2953 Deorbrilit.
443 2889 483 2969 ᾧ
500 2886 697 2970 AE’delswyii.
744 2887 783 2967 ᾧ
801 2886 981 2971 Wigswy'd.
1028 2886 1189 2966 *1⁴Lulle.
1283 2924 1286 2928 ·

505 3158 1010 3168 m

394 3363 490 3419 KING
511 3360 710 3417 EADWARD
729 3359 807 3413 THE
825 3358 963 3413 ELDER.
1000 3358 1132 3414 DOCCC.

256 3512 424 3595 Regnante
447 3510 684 3593 imperpetuum
708 3505 852 3570 Domino
875 3512 986 3569 nostro
1009 3504 1107 3568 Ihesu
1127 3503 1267 3582 Christo,
1283 3512 1317 3567 et

212 3614 320 3677 omnia
341 3614 382 3677 de
402 3632 529 3676 summo
548 3611 617 3675 caeli
640 3610 729 3694 apice
748 3608 888 3673 visibilia
908 3614 941 3672 et
962 3607 1137 3671 invisibilia
1156 3606 1318 3672 ordinabi·

212 3716 286 3784 liter
304 3716 516 3799 gubernante,
539 3714 760 3797 presentiaque
783 3710 859 3774 vitae
881 3731 1006 3793 semper
1026 3710 1185 3773 curriculo
1202 3709 1319 3773 cotidie

211 3820 422 3885 decrescente.
469 3818 675 3900 Quapropter
703 3834 763 3897 ego
793 3812 961 3891 Eadward,
986 3813 1091 3895 gratia
1117 3812 1180 3877 Dei
1207 3812 1318 3895 Angul

213 3923 378 3985 Saxonum
408 3942 474 3998 rex,
504 3919 688 3983 litterarum
721 3916 886 3981 memoriae
914 3914 1139 3980 commendare
1168 3935 1317 3999 procura-

211 4025 324 4102 verim,
340 4022 426 4107 quod
440 4023 475 4085 in
491 4021 603 4085 diebus
620 4020 669 4083 avi
685 4020 748 4085 mei
763 4018 923 4088 AEeelwlfi
936 4016 1022 4101 regis
1036 4026 1070 4082 et
1085 4016 1220 4080 AElfredi
1234 4016 1320 4099 regis

212 4126 312 4211 patris
327 4126 391 4189 mei
405 4125 526 4189 facturn
541 4123 647 4187 firerat
655 4150 665 4202 ;
687 4122 748 4186 hoc
764 4120 911 4205 estquod
924 4121 980 4185 ille
995 4120 1102 4185 Abull
1111 4141 1168 4184 rex
1179 4118 1319 4183 moriens

212 4227 450 4294 commendavit
462 4226 605 4290 AElfredo
619 4226 699 4309 regi,
715 4224 782 4289 lilio
797 4245 866 4303 suo,
881 4224 972 4287 illam
987 4231 1106 4287 terram
1121 4230 1164 4287 at
1179 4221 1320 4287 Ceolsel-

212 4332 295 4395 dene
324 4339 357 4395 et
383 4339 425 4394 aet
448 4331 591 4393 Sweores
610 4328 709 4407 holte,
733 4349 772 4391 ea
794 4327 988 4405 conditione,
1011 4325 1097 4409 quod
1118 4325 1173 4389 ille
1192 4324 1319 4389 AElsred

212 4456 279 4512 rex,
295 4442 367 4518 post
382 4434 509 4497 obitum
524 4453 629 4508 suum,
646 4431 825 4495 dimitteret
845 4430 979 4493 eandem
997 4436 1116 4493 terram
1133 4428 1181 4491 illi
1198 4427 1320 4492 familie
