3234 5125
465 467 785 535 MISCELLthlOUS
803 467 1035 539 obstrusus
1260 468 1295 521 25

235 641 274 722 ›1‹
287 640 383 705 lianc
397 662 525 726 quoque
539 638 745 704 donationem
761 660 868 704 meam
878 660 939 723 ego
953 638 1131 718 Eadberbt‚
1141 660 1199 705 rex
1209 642 1295 705 Can·

188 742 381 823 tuariorum,
396 744 525 827 propria
539 764 639 807 manu
654 743 851 822 confirmavi,
864 751 898 808 et
913 743 1043 826 signnm
1054 752 1178 807 sanctoe
1192 744 1296 807 crucis
1358 738 1363 747 ’

188 844 281 909 infixi
291 870 302 923 ;
328 852 428 910 testes
450 866 577 929 quoque
598 844 732 910 idoneos
754 844 923 911 commites
943 867 1033 911 meos
1054 847 1243 911 confirmare
1262 856 1296 910 et
1394 880 1397 885 ·

188 946 387 1012 subscribere
411 948 483 1012 feci.
529 949 569 1030 '1⁴
586 949 657 1031 Ego
682 947 883 1012 Dimhcsbac
911 949 1081 1013 commites
1106 968 1195 1013 meos
1219 970 1295 1013 con-

186 1051 316 1143 firmare
331 1058 365 1114 ct
379 1050 577 1115 subscribere
586 1050 658 1116 feci.
706 1052 744 1133 ᾖ
761 1052 833 1135 Ego
846 1051 1013 1115 Hosbertb
1023 1052 1192 1116 commites
1206 1072 1295 1115 meos

188 1153 378 1217 confirmare
395 1161 428 1217 et
446 1152 644 1218 subscribere
658 1152 730 1217 feci.
777 1154 817 1235 ›1‹
834 1156 905 1236 Ego
921 1154 1106 1219 Nothbaltb
1128 1154 1296 1219 commites

187 1274 276 1318 meos
287 1256 476 1319 confirmare
490 1263 524 1319 et
538 1254 737 1321 subscribere
752 1255 824 1321 ieci.
871 1257 911 1338 ›1‹
926 1257 998 1340 Ego
1008 1257 1115 1321 Banta
1129 1257 1295 1321 commites

187 1377 277 1421 meos
291 1357 482 1422 confirmare
501 1364 534 1422 et
549 1356 747 1423 subscribere
762 1358 835 1439 leci.
881 1360 921 1441 ᾧ
938 1360 1009 1443 llgo
1025 1361 1114 1423 Ruta
1127 1360 1296 1425 commites

188 1480 277 1525 meos
296 1461 486 1525 confirmare
507 1468 541 1525 et
561 1461 761 1526 subscribere
775 1461 850 1525 feci.
895 1462 935 1543 ›1‹
951 1463 1023 1545 Ego
1039 1461 1193 1526 Tidbalth
1207 1484 1294 1526 com·

187 1562 283 1627 mites
300 1584 389 1627 meos
403 1564 593 1627 confirmare
608 1571 642 1627 et
656 1564 857 1628 subscribere
870 1564 942 1628 feci.

233 1666 331 1747 ›1⁴In
352 1666 483 1731 nomine
507 1666 642 1731 Domini
668 1666 731 1731 Dei
761 1666 890 1731 summi.
936 1669 1008 1750 Ego
1029 1666 1204 1730 Aldunfis
1227 1666 1293 1751 epi·

187 1789 301 1852 scopus
323 1769 472 1853 inprimis
493 1769 623 1853 penitus
645 1769 790 1852 ignoravi
813 1768 898 1853 qnod
921 1791 940 1832 a
963 1768 1218 1833 Dorovernensis
1239 1790 1291 1832 cc-

187 1872 292 1937 clesiae
305 1872 438 1956 praesule
460 1881 494 1937 et
510 1893 586 1955 rege
602 1871 672 1935 baec
688 1870 818 1936 kartula
832 1872 1022 1936 confirmate
1036 1892 1104 1935 esse
1119 1869 1292 1949 debuisset,

187 1983 298 2059 postea
321 1975 446 2059 agnovi,
469 1982 503 2041 et
528 1981 596 2038 tem
618 1974 790 2057 diligenter
812 1974 971 2058 posbslavi
994 1974 1034 2039 ab
1056 1974 1293 2058 archiepiscopo

186 2078 365 2143 Nothelmo
396 2086 429 2143 et
460 2099 536 2161 rege
569 2076 777 2156 AEthilbertO,
811 2076 1002 2161 presidente
1032 2098 1106 2140 meo
1138 2076 1292 2160 largitore

186 2181 358 2260 Eadberto,
380 2190 416 2245 ut
445 2180 507 2264 ipsi
528 2202 627 2243 manu
657 2200 715 2242 sua
744 2179 827 2243 hanc
855 2178 1063 2243 donationem
1089 2174 1290 2243 corroboras-

186 2292 277 2363 sent3
306 2283 408 2348 etsie
437 2283 472 2346 in
501 2281 751 2365 metropolitana
770 2282 850 2346 urbe
870 2282 1011 2366 perfecte
1040 2281 1289 2366 compleverunt.

186 2388 308 2451 Actum
322 2407 432 2451 mense
447 2386 549 2469 April.
567 2384 671 2449 Indi'c.
688 2405 745 2463 v1.‚
761 2406 847 2450 anno
870 2384 911 2449 ab
933 2385 1154 2450 incarnatione
1168 2384 1291 2449 Christi

188 2510 406 2554 occanum.

230 2595 270 2676 ᾧ
287 2595 358 2676 Ego
380 2593 586 2670 Nothelmus,
607 2593 711 2674 grstia
727 2592 791 2655 Dei
814 2592 1080 2676 archiepiscopus,
1096 2593 1190 2656 testis
1213 2613 1288 2655 con·

185 2697 327 2760 sentiens
344 2693 516 2778 subscripsi
534 2693 700 2759 kanonice.
758 2695 797 2776 ›1‹
816 2695 888 2777 Ego
903 2694 1119 2758 AEtbilbertus
1135 2716 1192 2758 rex
1209 2716 1289 2779 prae·

185 2800 285 2863 fatam
309 2798 514 2862 donationem
537 2797 630 2880 signo
656 2805 766 2860 sancte
792 2797 897 2860 crucis
914 2797 1111 2861 confirmavi.
1157 2801 1197 2879 ›1‹
1219 2797 1290 2879 Ego

185 2901 392 2966 Beornbeerd
418 2901 511 2965 testis
539 2899 722 2983 subscripsi.
785 2901 825 2982 »Β
853 2900 989 2984 Signum
1019 2921 1135 2964 manus
1163 2899 1288 2964 Tnnan.

187 3005 225 3086 ⁵1⁴
244 3005 379 3088 Signum
396 3025 510 3068 manus
525 3001 703 3067 Balthardi.
751 3004 789 3084 ›1‹
802 3003 940 3086 Signum
955 3025 1071 3068 manus
1084 3002 1273 3068 Eanberbti.

282 3491 407 3547 *RING
427 3489 671 3545 AETHELBALD
689 3489 737 3543 OF
755 3488 913 3543 MEROIA.
950 3487 1198 3544 mcxxxvln.

226 3643 299 3726 Ego
322 3639 527 3704 Ethilbaldus
550 3658 607 3701 rex
630 3636 828 3700 Merciorum
852 3635 924 3699 Deo
946 3634 1162 3717 omnipotenti
1188 3635 1286 3718 grati-

184 3766 278 3810 arum
307 3743 452 3808 acciones
481 3741 516 3804 in
546 3747 704 3823 quantum
736 3759 868 3822 possum
896 3737 1053 3821 persolvo,
1084 3737 1140 3821 qui
1169 3758 1222 3801 me
1247 3736 1287 3801 ad

183 3855 313 3912 tantum
339 3843 546 3910 sublimitatis
576 3841 711 3926 gradum
738 3840 854 3924 eligere
879 3839 1031 3924 dignatus
1061 3848 1120 3917 est,
1150 3839 1190 3904 de
1219 3847 1287 3902 tam

181 3949 300 4016 humili
322 3958 355 4013 et
375 3947 520 4031 inquieta
533 3945 601 4009 vita
623 3966 718 4028 quem
736 3965 793 4026 per
811 3950 861 4006 tot
879 3964 1037 4007 annorum
1059 3941 1166 4026 spacia
1182 3952 1286 4005 bans-

183 4055 245 4139 egi.
291 4052 418 4117 Idcirco
443 4071 501 4134 pro
524 4047 664 4112 remedio
690 4047 797 4110 anime
820 4066 899 4125 mee,
923 4045 1004 4109 mibi
1032 4038 1288 4129 inpotestatem

182 4158 323 4234 redacta,
339 4164 373 4220 et
395 4175 454 4238 pro
474 4151 697 4216 munificentia
716 4157 901 4212 sanctarum
921 4147 1104 4214 orationum
1125 4165 1288 4209 servorum

183 4270 217 4326 et
232 4259 420 4324 ancillarum
435 4255 509 4332 Dei,
525 4253 667 4337 largifica
682 4273 816 4316 munera
830 4252 948 4314 summi
966 4249 1140 4314 Salvatoris
1155 4247 1289 4311 Domini

183 4361 285 4428 nostri
316 4362 395 4424 Jesu
424 4356 547 4422 Christi
577 4355 715 4420 libenter
744 4354 886 4418 ecclesiis
908 4354 970 4417 Dei
1000 4351 1149 4435 inpendo,
1174 4359 1207 4415 et
1228 4351 1289 4416 tibi

183 4465 356 4532 Mildrithc
377 4461 537 4526 abbatisse
553 4458 768 4542 singulariter,
786 4466 818 4522 et
839 4456 970 4522 ecclesie
987 4465 1051 4532 tue,
1066 4455 1157 4518 navis
1174 4464 1290 4520 onuste
