3234 5125
397 411 404 420 “
486 439 806 497 mscuunsnuous
826 440 1039 498 oramrnas.
1265 443 1316 496 ras

211 611 358 697 Winsig'e
380 611 552 689 minister,
567 614 631 678 and
648 613 795 678 Wulfred
817 615 977 680 minister·
999 615 1064 680 aud
1081 613 1235 697 Beorsige
1254 613 1316 676 mi-

210 716 324 780 nister·
342 716 407 780 and
421 717 558 801 AElfsige
573 717 732 782 minister·
751 717 815 780 and
828 717 952 783 Eadull
958 719 1120 783 minister·
1138 717 1201 781 and
1210 716 1317 782 walf-

212 818 298 883 helm
312 819 472 885 minister·
491 819 555 884 and
567 819 713 905 Wulsige
729 820 888 886 minister.

289 1274 386 1330 aruo
404 1273 613 1344 mowino,
632 1273 862 1345 AErnnunnn,
882 1275 963 1330 nnn
981 1273 1244 1329 semmua.

674 1377 864 1434 nuceum.

260 1526 299 1606 ›1‹
316 1524 486 1606 Regnante
509 1522 544 1586 in
566 1531 757 1608 perpetuum
777 1531 811 1588 et
826 1524 941 1588 mundi
962 1481 1183 1589 monarchiam
1202 1523 1318 1607 guber·
1393 1499 1397 1506 ¹

215 1635 322 1722 nante,
341 1626 514 1690 altithrone
532 1627 638 1690 Patris
653 1627 779 1705 Sobole,
796 1626 853 1710 qui
873 1627 1015 1691 coelestia
1033 1627 1130 1692 simul
1146 1635 1178 1691 et
1192 1635 1321 1691 terrena

215 1729 417 1793 moderatur:
446 1729 534 1793 illius
557 1729 678 1793 etenim
704 1751 789 1793 anno
812 1729 1044 1793 incarnationis
1063 1751 1115 1794 an.
1137 1750 1319 1808 nccccnra,

216 1831 397 1896 Indictioue
417 1853 491 1896 vero
514 1839 612 1910 sexta,
638 1832 776 1915 contigit
802 1832 889 1916 quod
907 1832 1093 1898 AEselfflso
1112 1832 1186 1898 duci
1208 1853 1320 1896 omnes

215 1933 400 1998 hereditarii
422 1933 497 1998 libri
522 1933 608 2017 ignis
633 1935 813 1998 vastatione
835 1935 996 2000 combusti
1017 1935 1190 2019 perierant.
1249 1935 1320 1999 Tali

215 2037 316 2120 igitur
326 2037 515 2100 necessitate
530 2044 676 2119 cogente,
691 2035 863 2120 pra-nlictus
874 2037 939 2102 dux
954 2039 1080 2123 rogavit
1089 2037 1321 2104 Eadwcardum

217 2161 336 2224 regem,
357 2137 568 2202 AElielredum
588 2159 726 2222 quoque,
747 2147 780 2203 et
799 2139 1035 2220 AEselflaedam,
1057 2141 1114 2225 qui
1131 2149 1211 2204 tunc
1230 2141 1320 2224 prin-

217 2243 359 2326 cipatum
373 2249 407 2306 et
420 2249 614 2325 potestatem
628 2241 733 2325 gentis
742 2243 877 2306 Merciae
894 2243 955 2307 sub
969 2243 1124 2327 praedicto
1137 2264 1213 2327 rege
1227 2250 1321 2306 tenu-

218 2352 324 2424 enmt,
334 2365 445 2408 omnes
460 2344 558 2408 etiam
567 2352 728 2408 senatores
740 2345 950 2425 Marciorum,
962 2355 1000 2409 ut
1015 2346 1045 2410 ei
1056 2345 1275 2410 consentirent
1289 2351 1323 2408 et

120 2431 124 2440 ¹
218 2448 383 2513 licentiam
392 2447 506 2512 darent
518 2447 597 2510 alios
609 2447 708 2512 libros
719 2448 927 2513 rescribendi.
965 2447 1323 2512 Tnucilliunariimiter

217 2574 329 2617 omnes
351 2551 465 2617 devota
487 2558 596 2616 mente
620 2559 853 2616 consensenmt
875 2561 913 2616 ut
938 2551 994 2616 alii
1017 2552 1047 2616 ei
1071 2552 1147 2616 libri
1168 2550 1321 2616 rescribe-

218 2664 341 2735 rentur,
357 2653 469 2720 eodem
483 2653 580 2718 modo
596 2676 660 2739 quo
677 2662 711 2719 et
728 2655 850 2738 priores
868 2654 980 2738 scripti
997 2662 1100 2733 erant,
1116 2655 1324 2738 inquantum

218 2781 273 2825 eos
284 2758 470 2823 memoriter
480 2757 640 2822 recordari
653 2758 819 2843 potuisset.
854 2758 890 2821 Si
904 2779 979 2823 vero
990 2757 1150 2841 quoslibet
1164 2756 1324 2821 recordari

220 2861 353 2926 minime
370 2859 536 2945 potuisset,
555 2868 635 2925 tune
654 2862 685 2925 ei
704 2860 768 2924 ista
783 2859 914 2924 kartula
936 2860 971 2923 in
988 2860 1107 2924 auxilio
1127 2867 1161 2923 et
1177 2858 1324 2923 adfirma-

220 2965 309 3031 tione
327 2966 428 3042 fieret,
444 2970 483 3027 ut
499 2963 608 3027 nullus
632 2985 708 3028 eum
730 2962 931 3027 contentiose
952 2984 1027 3027 cum
1047 2962 1118 3027 aliis
1137 2962 1229 3027 libris
1246 2962 1324 3025 affli-

221 3088 296 3153 gere
321 3066 484 3145 valuisset,
507 3087 567 3130 nec
589 3066 787 3151 propinquus
809 3087 870 3131 nec
891 3066 1024 3146 alienus,
1047 3065 1191 3150 quamvis
1210 3064 1326 3149 aliquis

220 3172 318 3236 homo
341 3170 481 3254 aliquem
500 3168 541 3233 de
560 3169 694 3234 vetustis
714 3168 804 3232 libris
822 3169 1001 3252 protulerit,
1018 3191 1115 3252 quem
1133 3168 1222 3253 prius
1239 3166 1324 3231 frau-

221 3274 379 3354 dulenter,
405 3274 441 3337 in
461 3272 542 3337 hora
561 3273 662 3356 ipsius
683 3272 836 3351 incendii,
850 3273 902 3337 vel
924 3274 988 3337 alio
1009 3273 1153 3357 quolibet
1170 3281 1324 3357 tempore,

221 3400 277 3463 per
291 3378 415 3441 furtum
430 3376 646 3441 abstraxisset.
692 3376 853 3439 Novimus
873 3397 1013 3459 namque
1027 3376 1113 3460 quod
1132 3376 1241 3439 omnia
1255 3396 1327 3458 quae

220 3482 256 3544 in
278 3481 340 3545 hoe
362 3479 483 3543 mundo
505 3478 692 3563 contingere
712 3479 826 3557 solent,
847 3478 1018 3561 aliquando
1040 3479 1134 3543 citius
1155 3477 1328 3562 aliquando

222 3604 297 3648 vero
322 3582 455 3662 tardius,
479 3604 517 3645 ex
542 3581 697 3647 memoria
720 3581 906 3645 mortalium
928 3581 1037 3663 elapsa
1058 3581 1242 3660 deveniunt,
1264 3580 1328 3643 nisi

222 3680 256 3751 iu
277 3686 414 3753 scedulis
433 3687 615 3750 litterarum
633 3684 850 3751 caracteribus
872 3683 1078 3747 adnotantur.
1124 3684 1329 3767 Quapropter

221 3790 256 3853 in
270 3790 330 3854 hac
345 3789 473 3853 kartula
486 3788 686 3852 innotescere
700 3794 807 3849 ratum
827 3794 924 3868 atque
943 3793 1072 3868 gratum
1086 3785 1228 3868 satisque
1242 3805 1329 3848 oom-

222 3893 540 3973 modumuuximus,
567 3892 607 3955 de
636 3892 692 3954 illa
713 3889 863 3954 videlicet
888 3889 1007 3953 terra¹·
1022 3896 1064 3953 aet
1083 3889 1158 3953 san
1183 3895 1329 3951 easterau

224 3996 457 4081 Hrisanbyrge,
475 3997 568 4080 cnjus
586 3994 748 4079 quantitas
769 4001 820 4057 est
838 4012 914 4056 xxx.
929 4000 1137 4069 cassatorum,
1152 3989 1238 4073 quod
1257 4008 1330 4053 eam

254 4165 261 4194 ¹
280 4161 339 4215 The
351 4160 442 4215 textis
454 4160 524 4215 from
533 4159 593 4215 MS.
607 4160 707 4229 Stowe,
715 4158 807 4213 which
820 4159 929 4213 accords
941 4158 1011 4211 with
1020 4157 1080 4211 MS.
1088 4157 1200 4227 Bodley,
1210 4174 1238 4210 as
1246 4155 1289 4209 far
1300 4174 1330 4210 as

223 4248 270 4303 the
282 4246 372 4301 words
387 4245 532 4301 ‘videlicet
547 4247 634 4315 tsrra,'
650 4246 720 4299 after
732 4244 826 4299 which
839 4246 887 4299 the
901 4244 985 4299 latter
999 4244 1076 4298 reads
1092 4242 1170 4297 thus:
1190 4242 1287 4314 [terra]
1302 4249 1330 4297 at

223 4332 394 4403 Wringtonc,
407 4330 485 4404 cujus
503 4331 640 4403 quantitas
659 4337 701 4386 est
718 4330 817 4403 viginti
837 4337 1009 4385 mssawruna
1047 4331 1085 4383 Et
1102 4329 1172 4382 hanc
1189 4329 1332 4401 preafatam

223 4418 394 4491 largitionem
407 4436 457 4491 ego
469 4418 559 4473 Ethed
570 4418 622 4489 (sic
634 4417 709 4488 MS.)
721 4424 748 4472 et
760 4424 835 4472 totus
848 4422 957 4472 senatus
968 4418 1121 4488 Anglonrm
1131 4417 1229 4471 devoto
1241 4415 1331 4470 animo
