3234 5125
306 413 361 467 204
582 410 903 467 fflsoffluunous
923 410 1137 468 CHARTERS.

308 584 508 649 defraudavit
522 585 657 670 redigat.
694 584 869 669 -Seriptum
884 591 934 648 est
949 584 1046 665 enim,
1063 590 1085 621 “
1095 586 1254 669 Raptores
1268 592 1302 649 et
1317 583 1413 650 sacri-

307 688 372 771 legi
391 709 528 772 regnum
543 688 606 753 Dei
627 709 694 752 non
713 689 986 772 consequentur.”
1031 688 1130 753 Nunc
1149 693 1268 767 autem,
1284 695 1415 771 propter

308 791 416 856 Deum
430 798 463 854 et
475 791 629 855 Sanctam
640 790 792 869 Mariam,
803 790 839 853 in
854 792 946 875 eujus
961 790 1092 855 nomine
1106 790 1169 855 hoc
1184 790 1413 854 monasterium

309 893 452 958 dicatum
466 901 526 973 est,
541 914 658 959 moneo
672 901 706 957 et
719 892 871 978 precipio,
888 901 926 956 ut
940 894 1031 957 nullo
1053 894 1150 958 modo
1171 894 1244 977 quis
1263 893 1324 957 hoe
1343 914 1414 977 pre-

308 996 449 1061 varicare
474 996 600 1076 audeat,
623 996 689 1076 sed,
706 996 790 1059 sicut
817 995 952 1059 anobis
976 1004 1136 1061 statutum
1159 1004 1219 1075 est,
1238 1004 1277 1060 ut
1298 996 1413 1079 prefati

308 1121 430 1179 sumus,
450 1099 678 1184 perpetualiter
703 1106 843 1163 maneat.
889 1098 955 1165 Qui
982 1098 1181 1177 custodierit,
1201 1098 1291 1163 omni
1316 1097 1413 1161 bene-

308 1202 448 1266 dictione
462 1202 642 1285 repleatu1·;
659 1202 715 1284 qui
725 1222 800 1265 vero
814 1200 1008 1283 infringerit,
1021 1201 1230 1265 maledicetur
1241 1223 1260 1263 a
1271 1200 1414 1265 Domino

308 1312 341 1369 et
366 1304 407 1369 ab
436 1305 586 1369 omnibus
611 1304 741 1368 sanctis.
785 1305 902 1367 Amen.
949 1304 1135 1382 Gratanter,
1159 1303 1413 1367 reverentissime

308 1407 449 1487 domine,
479 1429 543 1492 quo
570 1407 672 1471 tantis
701 1416 757 1471 tue
790 1405 882 1470 donis
909 1405 1090 1484 clementie,
1120 1405 1297 1469 secundum
1326 1404 1412 1487 quod

307 1510 409 1574 totius
431 1510 594 1576 Crantoris
619 1509 719 1574 cosmi
742 1517 792 1573 est
817 1508 908 1587 velle,
923 1507 1068 1591 preditus
1094 1529 1166 1570 sum
1189 1528 1260 1571 mee
1283 1528 1412 1590 operam

307 1613 493 1691 voluntatis,
502 1620 540 1675 ut
551 1634 609 1695 pro
623 1619 656 1676 te
668 1612 797 1696 tuisque
805 1612 912 1675 Deum
924 1610 1047 1695 jugiter
1057 1610 1268 1694 interpellem,
1279 1610 1412 1675 devotus

308 1715 504 1799 impendam,
521 1736 673 1798 meosque
696 1734 893 1778 successores
918 1713 960 1777 ad
983 1712 1045 1777 hoc
1066 1713 1189 1777 hortari
1212 1712 1358 1791 studebo,
1374 1720 1412 1776 ut

308 1817 442 1883 Domini
470 1817 721 1881 misericordiam
749 1837 808 1901 pro
833 1824 867 1879 te
893 1815 1059 1899 deprecari
1085 1836 1151 1879 non
1185 1815 1344 1894 desinant,
1373 1824 1411 1879 ιιι

309 1920 458 1985 Christus
470 1941 549 2003 pace
563 1919 620 2003 qui
633 1919 790 2003 perhenni
804 1926 920 2001 regnat
934 1918 1051 1982 ethrali
1065 1918 1101 1981 in
1115 1940 1187 1983 aree
1202 1926 1235 1983 te
1250 1918 1410 1983 consortio

307 2021 418 2086 haberi
433 2022 585 2105 dignetur
594 2030 779 2085 sanctornm
794 2022 939 2085 omnium
953 2020 990 2084 in
1004 2021 1078 2084 aula
1092 2021 1212 2085 celesti.
1249 2022 1366 2085 Valeat
1376 2021 1410 2085 in

307 2146 413 2202 evam,
433 2124 489 2207 qui
511 2124 573 2189 hoo
596 2123 757 2188 studuerit
779 2143 906 2187 servare
929 2122 1104 2187 decretum.
1150 2123 1278 2187 Harum
1304 2130 1411 2187 textus

306 2227 514 2311 epistolarum
528 2235 595 2291 tres
609 2234 686 2289 sunt
700 2226 741 2290 ad
755 2225 1031 2310 pretitulatiouem
1044 2226 1129 2289 etad
1143 2226 1284 2309 signum,
1295 2248 1362 2289 una
1375 2227 1409 2289 in

305 2330 375 2412 ipsa
389 2329 519 2395 civitate
534 2350 596 2412 que
609 2336 742 2393 vocatur
757 2328 1015 2410 Uuigraoeastre,
1031 2328 1132 2392 altera
1145 2350 1220 2393 eum
1237 2327 1409 2393 venerabili

306 2433 479 2497 Duustano
500 2431 736 2516 archiepiscopo
749 2431 785 2496 in
803 2430 989 2509 Cantuaria,
1004 2430 1190 2496 tertiarum
1204 2431 1410 2497 Adeluuoldo

305 2534 453 2621 episcopo
466 2534 502 2599 in
517 2534 699 2601 Uuintonia
711 2532 852 2600 civitate.

486 2955 583 3012 ιοιιο
601 2921 764 3010 amasa
781 2953 863 3007 aun
880 2953 979 3008 anuo
997 2953 1224 3010 nrunnann

660 3048 788 3103 sarna
805 3047 1055 3104 nococunxv.

587 3218 629 3262 na
645 3215 821 3260 rancnnsu
837 3213 879 3258 ar
894 3196 1122 3262 οιιοιιοοιοοΙ.

348 3368 389 3446 ›1‹
405 3363 477 3426 Dua
494 3381 611 3425 waeron
631 3357 769 3444 boland
790 3365 834 3422 aet
919 3357 1064 3439 ›14'l'hus
1079 3378 1161 3422 were
1183 3358 1239 3422 the
1259 3359 1351 3424 lands
1373 3366 1407 3424 at

303 3467 494 3547 Bromleage
515 3482 534 3544 Ἰ
559 3470 602 3526 aet
619 3459 833 3525 Fealcnaham
875 3461 1028 3546 Bromley
1039 3461 1103 3525 and
1118 3469 1153 3524 at
1164 3462 1337 3526 Fawkbam
1351 3463 1405 3526 de-

303 3577 376 3660 }›am
391 3569 486 3651 cinge
499 3566 647 3649 Eadgare
661 3564 775 3647 gereht
790 3585 834 3627 on
874 3563 967 3629 creed
982 3572 1017 3628 ιο
1034 3565 1115 3648 king
1129 3565 1257 3648 Eadgar
1272 3564 1307 3630 tt
1319 3567 1406 3630 Lon-

303 3671 546 3756 Lundenbyrig·
565 3669 646 3756 burh
669 3667 831 3750 Snoding·
874 3666 948 3746 don,
971 3668 1113 3751 through
1135 3668 1192 3732 the
1211 3667 1355 3733 charters
1373 3669 1410 3732 of

301 3778 413 3842 laudes
426 3774 573 3839 landbfec·
586 3774 833 3859 padapreostas
875 3770 1050 3850 Snodland,
1077 3771 1182 3835 which
1205 3771 1263 3835 the
1292 3773 1407 3856 priests

302 3881 467 3946 forstaelon
509 3881 582 3964 pam
619 3877 750 3959 biscopo
789 3895 832 3938 on
873 3874 954 3938 stole
997 3873 1080 3938 from
1123 3873 1180 3938 the
1222 3873 1337 3958 bishop
1373 3884 1406 3939 at

303 3984 563 4062 Hrofeceastre]
580 3978 753 4063 gesealdon
772 3975 833 4040 beo
875 3976 1061 4054 Rochester,
1082 3976 1146 4041 and
1169 3975 1239 4040 sold
1262 3977 1353 4041 them
1371 3986 1406 4042 ιο

303 4087 438 4152 AElfrice
457 4083 648 4168 AEscwynne
669 4102 754 4144 sunu
768 4078 833 4144 wit
873 4078 988 4143 AElfn'c
1013 4098 1072 4141 sou
1101 4077 1139 4142 os
1159 4078 1312 4163 AEscwyn
1341 4080 1406 4163 pri-

302 4191 562 4271 feodearnuuga·
576 4207 595 4268 ]
608 4186 671 4250 heo
682 4186 832 4268 AEsewyn
873 4182 979 4267 vately
1002 4181 1053 4246 for
1084 4201 1213 4266 money,
1247 4183 1311 4246 and
1337 4183 1404 4262 she,

302 4294 454 4364 AElfrioes
466 4291 580 4356 modor
594 4289 700 4354 sealde
714 4288 775 4352 heo
789 4308 834 4350 aer
874 4285 1034 4369 AEscwyn,
1078 4284 1221 4349 AElfric's
1266 4286 1404 4368 mother,

526 4419 533 4448 ¹
553 4417 605 4470 See
614 4413 740 4482 Kemble,
752 4413 857 4468 Saxone
869 4412 897 4466 in
910 4410 1046 4482 Englund,
1058 4410 1085 4464 ii.
1099 4429 1124 4482 p.
1134 4412 1175 4464 46.
