3234 5125
463 427 786 484 MISCELLANEOUS
806 427 1020 484 CHARTERS.
1244 431 1301 485 455

186 601 400 685 precantibus,
430 623 516 666 nnus
546 623 585 666 ex
615 601 796 666 astantibus
823 623 898 665 cnm
927 601 1059 667 cultello
1091 602 1234 682 accessit,
1264 613 1300 668 ct

186 705 351 769 camisiam
371 726 435 788 qua
454 713 523 768 crat
542 704 676 768 indutus
694 725 751 788 per
769 704 908 768 mediam
923 704 1054 769 cecavit.
1097 705 1169 768 Nos
1188 712 1299 770 antem

187 807 326 890 deniqne
348 807 438 871 omni
460 828 535 871 enm
557 807 673 871 habitu
693 807 860 870 monacico
881 806 1057 885 induimus,
1081 808 1173 891 cnjus
1195 807 1297 872 eciam

188 931 313 974 comam
332 909 548 988 detondimus‚
567 909 607 974 ad
628 929 780 974 coronam
797 909 951 987 fecimus3
974 910 1044 994 ejus
1061 931 1137 974 vero
1155 911 1295 994 capillos,

186 1013 213 1075 si
236 1033 365 1076 necesse
391 1012 499 1090 fuerit,
522 1011 628 1076 adhuc
655 1011 823 1077 ostendere
848 1033 1030 1095 possumus,
1052 1033 1133 1096 qnos
1154 1019 1233 1078 tnnc
1257 1014 1296 1078 de

186 1117 256 1199 ejus
279 1115 382 1198 capite
404 1114 551 1179 rasimus.
596 1113 672 1180 Quo
694 1114 792 1194 facto,
815 1113 909 1179 nobis
930 1113 972 1177 ad
993 1114 1225 1179 monasterium
1246 1137 1296 1179 re-

188 1217 396 1295 vertentibus,
411 1217 492 1281 duos
512 1216 553 1280 ad
573 1215 820 1280 custodiendum
839 1217 933 1280 illum
952 1215 1067 1281 fratres
1086 1217 1206 1282 ibidem
1223 1219 1298 1282 reli-

188 1319 326 1404 quimus,
351 1321 452 1385 donoc
480 1319 533 1384 die
561 1319 798 1384 illuscesscente
822 1341 898 1384 cum
920 1319 1155 1403 tranquillitate
1180 1320 1222 1384 ad
1246 1321 1299 1386 in-

188 1422 361 1487 firmariam
376 1429 522 1488 nostram
537 1421 654 1486 deferri
668 1423 827 1506 potuisset
835 1448 845 1500 3
869 1423 1037 1487 nonenim
1056 1423 1093 1487 in
1111 1431 1207 1488 nocte
1221 1446 1297 1490 enm

188 1547 208 1589 a
228 1526 299 1590 loco
319 1546 378 1590 suo
395 1545 523 1590 movere
537 1525 709 1604 voluimus,
724 1533 856 1610 propter
873 1547 966 1590 suam
986 1525 1120 1589 nimiam
1135 1548 1200 1610 qua
1213 1527 1297 1592 deti-

187 1629 324 1693 nebatur
343 1629 576 1694 infirmitatem.
622 1629 672 1694 Ac
697 1649 772 1694 vero
797 1627 866 1713 ipse
887 1629 1019 1692 interim
1041 1629 1082 1693 de
1106 1630 1295 1698 infirmitate

187 1755 245 1797 sua
270 1733 502 1812 convalescens,
525 1739 560 1796 et
588 1732 689 1797 fratre
710 1754 785 1798 eum
812 1754 872 1797 sno
892 1753 1005 1796 rursus
1026 1733 1245 1816 interrogante
1267 1736 1295 1800 ai

188 1836 318 1901 habitus
346 1835 536 1900 monachilis
566 1835 595 1899 ei
624 1834 774 1918 placeret,
801 1832 967 1918 respondit
992 1836 1081 1899 omni
1107 1837 1207 1900 modo
1233 1837 1296 1903 sibi

188 1939 362 2023 placuisse3
387 1938 442 2002 sed
464 1945 496 2002 et
516 1937 637 2022 gracias
660 1938 727 2021 egit
750 1937 894 2001 Domino
915 1937 1001 2020 quod
1022 1937 1115 2000 illurn
1137 1938 1199 2002 sihi
1219 1961 1296 2006 oon-

187 2047 326 2106 cesserat
345 2040 529 2124 suscepisse.
574 2043 621 2105 At
645 2041 695 2104 sui
720 2048 844 2119 contra,
863 2039 1008 2105 videntes
1027 2041 1114 2124 quod
1133 2044 1294 2108 convales-

186 2152 282 2224 ceret,
298 2145 400 2228 gavisi
417 2151 495 2208 sunt
512 2143 615 2221 valde,
631 2152 665 2207 ct
688 2143 841 2207 timentes
861 2143 889 2206 si
909 2164 984 2206 eum
1002 2143 1196 2222 amisissent,
1210 2166 1295 2212 nnn.

187 2269 282 2332 quam
313 2269 347 2313 se
375 2246 580 2332 postmodum
605 2246 703 2310 talem
734 2245 795 2310 sibi
825 2245 993 2310 dominum
1018 2245 1163 2312 invenire
1190 2269 1293 2332 posse,

191 2351 281 2436 (quid
300 2351 428 2436 plural)
444 2349 595 2434 projectis
613 2349 698 2413 foras
715 2347 882 2412 monachis
896 2347 1026 2426 nostris,
1042 2357 1076 2413 et
1094 2349 1214 2414 iterum
1228 2350 1297 2413 suis

187 2475 262 2518 eum
276 2453 417 2516 induunt
432 2452 641 2530 vestimentis,
653 2458 764 2516 testes:
783 2451 953 2514 Hubertns
968 2450 1161 2534 capellanus,
1176 2453 1295 2518 Rmrna

189 2578 271 2621 uxor
284 2555 431 2634 Walteri,
446 2554 629 2620 Raimierus
646 2554 745 2619 freter
760 2554 840 2639 ejus,
855 2553 982 2619 Wluric
997 2553 1130 2641 dapifer,
1145 2555 1239 2624 Ludo
1253 2557 1294 2625 da

189 2663 320 2743 Ucrct0,
337 2661 526 2746 Radulphus
540 2660 580 2724 de
595 2660 777 2738 Contivilla,
794 2667 828 2723 ct
844 2658 914 2722 aliis
932 2660 1017 2741 (sic).
