3234 5125
476 458 797 516 MISOELLANEOUS
816 461 1031 518 CHARTERS.
1268 465 1321 519 315

211 632 333 695 vietinn
353 630 597 711 monachorum,
617 639 747 716 portum
771 631 812 695 de
838 632 1004 697 Sanduuic
1027 641 1060 697 et
1085 654 1197 698 omnes
1218 636 1323 698 exitus

212 734 356 817 ejusdem
380 754 479 818 aquae,
496 733 537 798 ab
554 741 692 819 utraque
713 743 806 819 parte
826 735 981 813 fluminis,
997 738 1216 821 cujuscunque
1238 746 1325 801 terra

211 837 265 915 sit,
280 858 300 900 a
314 837 515 920 Pipernaesse
529 859 633 921 usque
653 838 694 901 ad
709 839 963 918 Mearcesfleote,
979 839 1027 902 ita
1040 847 1079 903 ut
1093 846 1228 904 natante
1243 862 1323 904 nave

212 940 247 1001 in
265 939 399 1003 flumine
423 961 497 1003 cum
518 940 649 1023 plenum
670 940 895 1025 fuerit,quam
914 942 1043 1026 longius
1063 942 1196 1008 denari
1217 950 1324 1028 potest

213 1042 332 1107 scamis
346 1042 489 1126 parvula,
505 1064 603 1126 quam
618 1043 719 1126 Angli
734 1051 851 1108 vocant
867 1044 990 1128 ¹‘taper
1003 1046 1080 1109 eax'
1095 1054 1323 1129 superterram

212 1144 336 1228 projici,
352 1144 493 1209 ministri
513 1145 666 1210 aecclesiae
683 1146 805 1211 Christi
827 1146 1038 1212 rectitudines
1052 1149 1212 1233 accipiant
1220 1176 1230 1228 ;
1251 1150 1323 1213 nul·

212 1248 327 1331 lneque
342 1248 476 1313 omnino
490 1248 589 1313 homo
606 1248 704 1313 habet
720 1249 862 1333 aliquam
877 1250 1145 1315 consuetudinem
1159 1252 1195 1315 iu
1209 1252 1322 1316 eodem

212 1359 320 1436 portu,
342 1351 483 1435 exceptis
510 1351 677 1417 monachis
700 1352 854 1417 aecclesiae
877 1352 1010 1417 Christi.
1066 1355 1190 1419 Eomm
1213 1362 1322 1419 autem

212 1462 261 1518 est
288 1454 437 1519 navicula
460 1462 493 1518 et
518 1454 741 1519 transfretatio
766 1463 880 1540 portus
903 1462 936 1519 et
962 1455 1148 1519 theloneum
1175 1460 1321 1521 omnium

212 1557 344 1621 navium
366 1557 587 1641 cujuscunque
610 1558 663 1636 sit,
679 1564 713 1621 et
727 1557 942 1641 undecunque
957 1559 1076 1637 veniat,
1093 1580 1166 1643 quse
1186 1560 1227 1624 ed
1241 1582 1321 1645 prae-

213 1659 336 1724 dictum
359 1666 489 1743 portum
512 1668 545 1724 et
560 1659 600 1723 ad
616 1660 782 1724 Sanduuic
797 1661 955 1725 venerint.
1002 1660 1038 1725 Si
1061 1662 1140 1745 quid
1161 1671 1271 1728 autem
1288 1665 1324 1747 in

214 1784 333 1845 magno
351 1763 434 1826 mari
456 1770 547 1827 extra
564 1770 695 1848 portum
713 1770 874 1846 quantum
891 1783 981 1827 mare
1000 1764 1072 1847 plus
1092 1786 1126 1829 se
1141 1768 1321 1848 retraxerit,

214 1872 247 1929 et
262 1866 367 1929 adhuc
387 1873 512 1930 statura
532 1866 629 1929 unius
653 1865 793 1929 hominis
810 1866 954 1931 tenentis
973 1866 1099 1950 lignum
1114 1868 1201 1951 quod
1214 1869 1322 1953 Angle

213 1970 384 2033 nominant
408 1974 418 2005 ‘
428 1971 567 2053 spreot',
595 1976 629 2033 et
659 1970 822 2034 tendentis
852 1975 928 2033 ante
957 1977 1175 2052 sequentum
1205 1979 1323 2055 potest,

214 2073 445 2137 monachorum
470 2080 528 2136 est.
576 2072 739 2157 Quicquid
762 2072 862 2136 etiam
885 2094 924 2136 ex
946 2072 1007 2136 hac
1029 2080 1120 2156 parte
1140 2073 1322 2139 medietatis

215 2176 313 2239 maris
332 2176 501 2239 inventum
516 2181 549 2238 et
564 2173 708 2239 delatum
723 2174 763 2238 ad
781 2174 944 2239 Sanduuic
964 2173 1070 2254 fuerit,
1087 2175 1154 2239 sive
1168 2176 1213 2239 sit
1226 2178 1323 2241 vesti-

215 2288 373 2357 mentum,
390 2278 456 2343 sivc
470 2285 549 2357 rete,
567 2298 666 2356 arma,
682 2276 816 2356 ferrum,
832 2298 957 2356 aurum,
971 2284 1153 2361 argentum,
1169 2278 1325 2344 medietas

216 2381 448 2447 monachorum
464 2382 536 2461 erit,
548 2380 612 2445 alia
625 2402 699 2464 pars
714 2380 896 2444 remanebit
909 2379 1142 2444 inventoribus.
1184 2382 1281 2447 Quod
1296 2384 1324 2447 si

216 2485 297 2548 alter
321 2484 471 2568 deinceps
497 2483 671 2548 codicellus
702 2483 880 2562 emerserit,
907 2482 962 2566 qui
987 2483 1100 2567 priscae
1124 2488 1325 2570 tempestatis

215 2589 291 2653 stilo
318 2588 460 2672 digestus
483 2587 560 2651 huic
582 2593 702 2652 nostrae
727 2585 965 2650 confirmationi
979 2585 1066 2649 visus
1086 2586 1184 2651 fuerit
1200 2588 1323 2673 aliqua-

215 2700 312 2755 tenus
336 2689 502 2774 refragari,
525 2689 703 2754 illiusmodi
720 2689 913 2752 litteratura
935 2687 1161 2752 membranula
1182 2692 1323 2756 suricum

216 2794 378 2858 morsibus
399 2791 607 2871 corrodenda,
624 2798 681 2855 aut
698 2798 785 2855 certe
811 2789 919 2874 potius
943 2790 1099 2873 ignivomi
1122 2794 1247 2877 vaporis
1272 2795 1322 2859 in-

216 2896 330 2961 cendio
352 2895 567 2960 adnichiletur
576 2921 586 2974 ;
609 2895 742 2978 ejusque
759 2900 972 2978 praesentator
986 2893 1219 2979 cujuscumque
1238 2899 1322 2962 exti-

216 3001 295 3064 terit
314 3019 469 3083 personae,
485 3018 543 3081 pro
560 3004 774 3080 purgamento
793 2994 909 3060 favillae
929 2994 1113 3079 deputetur,
1128 3005 1162 3061 et
1183 2998 1321 3082 ignomi-

216 3104 398 3168 niosissima
413 3100 600 3166 confusione
622 3099 850 3177 subsannetur,
866 3106 900 3163 et
915 3098 955 3163 ab
970 3098 1121 3163 omnibus
1136 3100 1171 3163 in
1186 3101 1323 3168 circuitu

217 3205 429 3291 praesentibns
442 3203 625 3268 unianimo
648 3202 836 3266 detestetur.
883 3202 1055 3286 Hujusque
1073 3202 1233 3287 privilegii
1254 3215 1325 3270 rata

217 3307 420 3374 confirmatio
442 3327 568 3390 semper
582 3306 617 3368 in
631 3312 796 3389 posterum
811 3305 993 3388 praevaleat,
1009 3313 1043 3368 et
1057 3313 1126 3368 tam
1141 3306 1205 3370 Dei
1220 3310 1324 3373 omni·

217 3413 359 3496 potentis
374 3411 566 3475 auctoritate
582 3430 678 3493 quam
698 3429 780 3486 mea,
797 3407 895 3471 simul
910 3414 944 3470 et
958 3407 1104 3471 omnium
1124 3412 1326 3477 concorditer

218 3514 411 3597 optimatum
432 3511 692 3575 corroboratione
714 3511 904 3574 confirmata
926 3516 1039 3572 contra
1057 3509 1208 3574 universa
1225 3513 1324 3578 refra-

218 3623 368 3698 gatorum
390 3613 608 3696 cogitamenta
631 3612 756 3676 cunctis
780 3610 1025 3676 succedentibus
1048 3611 1107 3676 aevi
1127 3616 1327 3698 temporibus

219 3717 344 3782 stabilis
365 3726 398 3782 et
418 3718 620 3794 inconcussa,
637 3713 833 3779 columnaris
855 3721 959 3777 status
981 3714 1194 3780 similitudine
1218 3741 1326 3803 perse.

219 3822 441 3886 verantissimo
451 3821 526 3904 jure
541 3818 769 3883 consolidetur.
806 3817 843 3881 Si
858 3825 977 3896 autem,
990 3817 1077 3900 quod
1088 3839 1156 3882 non
1166 3827 1326 3903 optamus,

220 3925 345 4008 aliquis,
360 3924 487 3988 tumido
509 3923 681 4006 supercilio
700 3921 844 4000 inflatus,
867 3921 951 3985 hanc
974 3929 1120 3985 nostram
1143 3924 1326 3989 corrobora·

219 4029 342 4092 tionem
356 4027 532 4110 infringere
547 4026 597 4090 vel
611 4026 757 4089 minuere
768 4024 987 4108 temptaverit,
1003 4025 1130 4088 noverit
1144 4045 1179 4088 se
1194 4029 1326 4094 anathe-

219 4131 410 4196 matizatum
425 4151 493 4194 esse
509 4151 529 4192 a
542 4130 613 4193 Deo
628 4137 662 4192 et
676 4129 796 4192 sanctis
819 4129 900 4213 ejus,
915 4127 952 4190 ni
975 4134 1051 4189 ante
1069 4136 1208 4191 mortem
1230 4129 1329 4215 dignu

220 4233 439 4299 satisfactione
461 4231 679 4296 emendaverit
696 4230 780 4315 quod
801 4231 922 4314 injuste
945 4228 1091 4310 deliquit.
1138 4230 1265 4315 Scripta
1279 4243 1329 4299 est

220 4336 289 4402 haec
303 4336 433 4402 scedula
448 4357 534 4400 anno
549 4335 589 4397 ab
603 4333 824 4398 incarnatione
833 4331 969 4397 Domini
983 4331 1087 4394 nostri
1098 4331 1197 4396 Ihesu
1209 4335 1330 4401 Christi

507 4455 515 4485 ¹
534 4451 565 4505 0.
576 4449 641 4505 Nor.
654 4450 800 4523 tepet-lixi,
813 4449 907 4504 mab
919 4449 1047 4502 maneam
