3234 5125
461 438 780 501 MISCELLANEOUS
798 437 1014 494 CHARTERS.
1263 434 1298 488 27

193 604 252 669 fati
276 606 439 673 Uithmdi
460 608 590 693 gloriosi
616 608 711 694 regis,
738 616 771 674 et
793 608 916 694 placuit
937 608 1063 675 cunctis
1084 606 1146 671 hoc
1167 604 1299 671 audien-

194 707 292 788 tibus,
315 710 497 795 pariterque
520 711 670 777 dixerunt
691 712 818 776 nullum
841 710 929 775 eliud
950 719 1019 775 tam
1040 709 1149 775 nobile
1169 716 1300 791 tamque

195 812 371 893 prudenter
390 814 605 877 constitutum
620 813 785 878 decretum
802 812 941 879 inveniri
961 812 1103 898 potuisse
1123 811 1300 877 secundum

194 913 442 980 ecelesiasticam
464 914 693 1000 disciplinam¹,
716 924 749 981 et
770 915 844 981 ideo
865 915 927 981 hoe
949 916 990 981 ab
1011 915 1161 980 omnibus
1180 914 1302 979 firmari

195 1025 380 1083 sanxerunt.
428 1018 537 1102 Igitur
573 1038 633 1102 ego
662 1017 890 1083 AEthelbaldus
918 1040 975 1083 rex
1003 1017 1213 1095 Meroiorum,
1242 1037 1302 1100 pro

196 1120 299 1185 salute
310 1119 426 1184 animae
440 1140 529 1200 meae,
543 1128 576 1185 et
590 1120 768 1187 stabilitate
782 1120 874 1205 regni
885 1122 959 1201 mei,
970 1142 1090 1205 proque
1098 1118 1303 1184 venerantia²

195 1221 386 1286 venerabilis
408 1222 637 1307 archiepiscopi
666 1222 849 1303 cuthberti,
872 1224 1001 1308 propria
1024 1246 1126 1288 manu
1150 1222 1304 1287 munifica

197 1324 400 1389 subscribens
422 1325 597 1403 confirmo;
620 1333 660 1389 ut
680 1346 738 1409 per
759 1325 870 1389 omnia
890 1326 1033 1405 libertas,
1055 1326 1169 1403 honor,
1192 1331 1301 1388 auoto-

196 1428 286 1506 ritas,
302 1434 335 1492 et
355 1428 509 1493 securitas
523 1428 646 1493 Christi
663 1427 804 1493 ecclesiae
823 1450 844 1492 a
860 1428 951 1493 nulla
968 1448 1104 1512 persona
1117 1426 1302 1510 denegetur,

197 1531 252 1594 sed
268 1530 310 1594 sit
323 1531 425 1595 libera
438 1530 479 1594 ab
494 1530 645 1595 omnibus
659 1530 864 1598 secularibus
878 1530 1026 1607 servitiis,
1037 1538 1071 1594 et
1084 1550 1197 1595 omnes
1211 1536 1305 1593 terrae

199 1632 238 1696 ad
268 1633 358 1696 illam
387 1633 596 1717 pertinentes,
626 1632 768 1717 exceptis
792 1632 1005 1716 expeditione,
1031 1632 1140 1717 pontis
1164 1640 1198 1697 et
1222 1632 1304 1696 arcis

197 1734 447 1814 constructione,
465 1742 499 1800 et
519 1735 603 1801 sicut
618 1756 701 1819 saepe
721 1734 872 1819 praefatus
889 1757 946 1799 rex
961 1734 1173 1800 Uuihtraedus
1191 1755 1250 1819 pro
1270 1756 1304 1798 se

198 1836 327 1921 suisque
342 1836 513 1901 constituit
527 1836 718 1901 servandum
733 1837 780 1902 ita
795 1838 976 1923 peremnia
993 1837 1257 1922 irrefragabiliter
1271 1844 1305 1901 et

199 1939 449 2003 immutabiliter
469 1940 644 2024 perdurare
658 1940 870 2025 precipimus.
917 1941 954 2006 Si
970 1941 1042 2024 quis
1059 1948 1168 2006 autem
1190 1961 1304 2024 regum

199 2063 417 2107 successorum
442 2050 638 2120 nostrorum,
669 2064 726 2107 seu
761 2043 994 2127 episcoporum,
1025 2064 1082 2108 seu
1111 2043 1304 2127 principum,

199 2144 261 2209 hoc
290 2144 417 2209 salubre
446 2144 611 2209 decretum
640 2143 816 2229 infringere
844 2146 1060 2230 temptaverit,
1083 2145 1197 2210 reddat
1225 2144 1304 2209 rati·

199 2269 295 2312 onem
319 2248 390 2311 Deo
411 2247 627 2331 omnipotenti
648 2246 683 2309 in
702 2247 754 2311 die
776 2248 951 2313 tremendo.
997 2248 1034 2312 Si
1056 2256 1164 2313 antem
1187 2268 1304 2324 eomes,

200 2350 375 2435 presbyter,
406 2349 569 2428 diaconus,
593 2349 738 2428 clerium,
761 2350 812 2414 vel
841 2350 1028 2429 monachus,
1050 2350 1127 2415 huic
1148 2349 1305 2414 constitu·

201 2453 282 2516 tioni
307 2452 472 2530 restiterit,
498 2452 542 2515 sit
566 2472 626 2515 suo
651 2452 753 2535 gradu
782 2452 936 2536 privatus,
960 2461 994 2517 et
1019 2474 1038 2517 a
1063 2451 1306 2537 participatione

201 2554 342 2640 corporis
367 2563 401 2619 et
422 2554 587 2638 sanguinis
610 2554 744 2618 Domini
766 2563 942 2638 separatim,
965 2564 1000 2620 et
1021 2555 1145 2620 alienus
1166 2577 1187 2619 a
1206 2576 1306 2637 regno

203 2659 275 2736 Dei,
306 2657 367 2721 nisi
391 2665 466 2721 ante
488 2656 606 2741 placita
627 2656 844 2721 satisfactione
866 2658 1083 2722 emendaverit
1105 2658 1193 2741 quod
1221 2657 1308 2720 malo

202 2759 358 2842 superbiae
372 2759 480 2842 inique
495 2758 612 2844 gessit:
636 2759 794 2843 scriptum
805 2768 856 2823 est
867 2759 955 2823 enim
970 2766 991 2795 “
1004 2760 1212 2843 Quaecunque
1227 2759 1308 2842 liga·

202 2861 284 2925 veris
311 2883 406 2945 super
429 2869 549 2936 terram
573 2866 669 2924 erunt
695 2859 796 2944 ligata
819 2869 852 2925 et
877 2861 912 2924 in
933 2861 1013 2926 coelo
1024 2889 1034 2940 3
1057 2871 1091 2926 et
1109 2881 1307 2945 quecunque

202 2965 334 3030 solveris
348 2985 443 3049 super
457 2972 577 3028 terram
592 2971 688 3027 erunt
703 2963 809 3027 soluta
824 2963 906 3026 etin
917 2964 1031 3028 coelo.''

250 3071 290 3148 ›1‹
307 3069 379 3151 Ego
394 3065 568 3133 Ethelbald
585 3087 652 3144 rex,
669 3065 780 3129 divino
798 3065 951 3150 suffragio
968 3066 1081 3146 fultus,
1097 3066 1204 3149 gentis
1219 3066 1309 3130 Mer-

202 3171 326 3234 ciorum
339 3189 454 3252 regens
468 3169 650 3251 imperium,
666 3168 796 3253 signum
811 3177 932 3233 sanem
945 3170 1049 3235 crucis
1063 3168 1241 3233 subscribo.

250 3275 289 3355 ›1‹
306 3273 376 3355 Ego
388 3270 586 3335 cuthbertus
598 3271 856 3355 archiepiscopus
870 3273 999 3356 propria
1006 3295 1107 3336 manu
1115 3271 1299 3356 subscripsi.

249 3379 289 3457 ›1‹
305 3375 376 3458 Ego
391 3373 494 3438 Uuita
508 3373 675 3456 episcopus
690 3374 839 3438 consensi
852 3383 886 3439 et
900 3375 1082 3460 subscripsi.

249 3481 289 3559 ›1‹
305 3477 376 3560 Ego
387 3475 576 3541 Torhthelm
591 3476 757 3559 episcopus
772 3477 919 3540 consensi
934 3485 967 3541 et
981 3478 1164 3562 subscripsi.

250 3584 290 3662 ›1‹
306 3581 377 3663 Ego
392 3578 541 3642 Wilfredi
556 3577 653 3661 episc.
669 3599 756 3642 cous.
774 3586 807 3642 et
822 3579 908 3644 subs.

251 3686 291 3764 ›1‹
307 3685 379 3766 Ego
394 3680 578 3746 Cuthberht
593 3681 689 3764 episc.
706 3701 793 3746 cons.
811 3689 845 3745 et
859 3681 945 3745 subs.

251 3789 291 3867 ›1‹
307 3785 379 3868 Ego
395 3783 535 3848 Huetlac
550 3783 645 3867 episc.
662 3805 748 3848 oons.
765 3792 799 3848 et
814 3783 900 3847 subs.

252 3893 292 3971 ›1‹
309 3890 381 3971 Ego
395 3886 549 3952 Eanfrith
562 3887 658 3970 episc.
675 3907 761 3950 cons.
778 3894 813 3951 et
826 3886 914 3950 subs.

251 3995 291 4073 ›1‹
306 3991 378 4073 Ego
393 3989 511 4073 Egelef
521 3989 615 4072 episc.
633 4009 719 4054 cons.
737 3997 771 4053 et
785 3974 873 4054 subs.

251 4097 291 4175 ›1‹
308 4093 380 4176 Ego
393 4091 517 4174 Aluuig
531 4091 627 4176 episc.
645 4112 732 4160 cons.
749 4100 783 4158 et
797 4091 885 4156 subs.

250 4199 291 4278 ›1‹
307 4197 378 4280 Ego
394 4193 547 4259 Hunvald
561 4195 657 4278 episc.
673 4214 761 4259 cons.
777 4201 811 4260 et
825 4193 911 4258 subs.

243 4340 251 4370 ¹
271 4341 299 4390 et
307 4337 358 4391 hoo
370 4342 519 4391 annuentes
531 4341 601 4391 stare
613 4337 646 4390 ab
659 4335 784 4392 omnibus
796 4339 902 4392 firmare
915 4342 1068 4392 sanxerunt.
1092 4336 1155 4389 Coc.
1170 4335 1249 4388 Dom.

242 4423 252 4450 ²
270 4420 427 4474 reverentie
453 4419 744 4474 mulionesque.
