3234 5125
518 410 840 469 MISOELLANEOUS
858 412 1072 469 ommes.
1294 416 1348 472 285

244 588 389 647 servetur
403 583 610 662 monasterio,
625 591 664 647 ut
678 584 721 648 sit
742 584 875 649 libertas
892 593 1024 651 externa
1044 586 1202 650 librorum
1220 586 1261 649 ad
1275 586 1348 649 uni-

245 705 349 748 versas
360 686 617 769 supradictarum
628 688 843 771 possessiones
857 696 1018 754 terrarum
1033 711 1112 773 quas
1123 689 1350 773 Omnipotenti

243 787 315 851 Deo
334 787 467 871 ejusque
487 797 597 853 sancte
617 790 766 873 genitrici
784 791 893 855 Marie
915 792 956 856 sd
975 792 1063 856 idem
1084 792 1278 871 coenobium,
1293 790 1349 856 be-

242 891 342 975 nigno
360 897 393 953 et
415 890 531 955 libenti
553 892 672 971 animo,
688 893 842 972 concessi,
858 902 891 957 et
906 914 1071 960 conoessas
1092 902 1206 959 eterna
1227 894 1350 958 stabili-

244 1000 311 1057 tate
325 992 558 1058 commendavi.

478 1462 604 1519 sKING
622 1461 852 1518 AETHELRED.
888 1463 1124 1521 noccoxcw.

287 1613 328 1694 ›1‹
344 1612 444 1676 Disis
459 1612 601 1678 sefreols
611 1611 773 1699 1111111111-
860 1615 901 1696 ›1‹
925 1612 1004 1676 This
1045 1611 1073 1675 is
1112 1611 1168 1676 the
1203 1610 1347 1676 freedom

243 1712 300 1776 'red
324 1716 460 1800 cynincg
483 1716 541 1780 het
566 1722 714 1799 gesettcn
740 1721 775 1778 to
814 1714 920 1778 which
963 1714 1045 1797 king
1084 1713 1253 1778 AEthelred
1288 1713 1347 1777 has

241 1816 313 1901 pam
346 1818 539 1903 bisceoprice
565 1818 600 1883 in
620 1825 654 1882 to
674 1817 774 1883 Wiel·
815 1818 1027 1885 commanded
1043 1825 1080 1881 to
1093 1817 1135 1881 be
1155 1816 1346 1881 established

242 1939 359 2002 cynne·
377 1921 537 1987 Ealdrede
551 1922 709 2005 bisceope.
814 1922 850 1985 in
861 1922 917 1986 the
927 1920 1098 2005 bishopric,
1108 1919 1159 1985 for
1169 1920 1225 1984 the
1232 1920 1347 1984 Welsh

814 2045 898 2103 racc,
908 2024 1012 2089 under
1025 2022 1140 2107 bishop
1154 2022 1304 2087 Ealdred.

285 2127 325 2205 ›1‹
343 2125 463 2190 Rector
477 2125 683 2211 altipolorum
701 2125 861 2205 culminis,
878 2134 975 2211 atque
989 2126 1195 2191 Architector
1213 2146 1348 2190 summes

241 2223 370 2290 fabricae
384 2226 530 2294 aethereae
545 2228 636 2306 aulae,
650 2248 688 2293 ex
697 2227 799 2292 nihilo
810 2228 940 2312 quidem
955 2237 1073 2293 cuncta
1087 2227 1216 2309 creavit,
1229 2228 1347 2292 coelum

241 2328 363 2393 scilicet
381 2338 414 2393 et
434 2338 553 2394 terram
572 2339 605 2395 et
624 2330 733 2395 omnia
747 2351 819 2414 quse
836 2330 872 2393 in
894 2330 940 2395 eis
960 2339 1049 2411 sunt,
1063 2330 1201 2397 candida
1216 2330 1345 2413 quidem

241 2432 386 2514 angelica
401 2434 538 2516 agmina,
553 2433 663 2511 solem,
673 2433 794 2511 lunam,
805 2432 975 2517 lucidaque
989 2440 1084 2513 asma,
1095 2441 1128 2497 et
1143 2440 1259 2498 caetere
1273 2454 1345 2516 quae

241 2556 336 2620 super
350 2537 554 2602 firmamento
576 2542 671 2616 sunt;
695 2535 809 2600 mundi
832 2543 941 2601 autem
963 2534 1117 2601 fabricam
1138 2533 1345 2599 inenarrabili

241 2638 412 2724 disponens
435 2641 557 2720 ordine,
576 2647 614 2704 ut
630 2639 764 2706 Genesis
787 2646 942 2703 testeum:
967 2640 1042 2703 “Et
1064 2638 1229 2702 hominem
1252 2645 1345 2700 sexto

241 2740 293 2806 die
308 2742 456 2806 formavit
472 2743 512 2806 ad
527 2742 773 2807 similitudinem
788 2743 914 2806 suam.”
958 2741 1075 2820 Adam,
1091 2739 1248 2818 videlicet,
1266 2761 1343 2822 qua-

241 2843 386 2909 driformi
400 2846 595 2929 plasmatum
609 2845 755 2924 materia,
770 2845 857 2910 unde
870 2866 959 2909 nunc
973 2851 1100 2910 constat
1114 2865 1215 2928 genus
1227 2842 1341 2907 huma·

240 2967 330 3034 num,
347 2970 418 3031 quae
432 2948 577 3012 interris
597 2956 750 3026 moratur,
774 2955 808 3012 et
830 2947 897 3011 ima
917 2955 1004 3011 terra
1024 2946 1180 3010 larvarica
1196 2945 1343 3024 latibula,

240 3050 297 3114 ubi
311 3058 344 3115 et
354 3051 484 3116 Lucifer
498 3073 572 3116 eum
587 3051 712 3115 decimo
726 3050 839 3114 ordine
852 3072 910 3134 per
924 3049 1105 3134 superbiam
1120 3049 1160 3112 de
1174 3048 1255 3113 coelo
1265 3049 1342 3112 ruit.

241 3152 305 3216 Sed
331 3161 364 3218 et
387 3154 449 3218 hoo
472 3153 596 3218 invidet
621 3153 752 3238 pestifer
774 3153 954 3231 chelidrus,
974 3152 1209 3236 protoplastum
1232 3174 1252 3216 a
1272 3153 1344 3216 Deo

241 3255 407 3320 conditum
430 3255 634 3320 intellexerat
655 3264 693 3320 ut
715 3255 777 3320 hoc
802 3255 997 3339 impleret,a
1019 3277 1084 3339 quo
1106 3255 1174 3338 ipsc
1195 3254 1344 3319 miseret

239 3359 370 3422 satelliti
385 3359 472 3423 illius
488 3359 528 3423 de
542 3358 622 3424 coelo
636 3357 770 3442 projecti
785 3365 872 3423 sunt.
911 3359 999 3436 Heu,
1008 3356 1140 3440 quidem
1152 3356 1231 3421 boni
1245 3357 1345 3421 creati

239 3469 326 3539 sunt,
350 3460 406 3525 sed
432 3461 655 3525 miserabiliter
685 3459 821 3544 decepti.
881 3459 1021 3543 Ideoque
1049 3459 1178 3524 invidus
1203 3459 1344 3524 Zabulus

239 3563 319 3627 totis
333 3563 456 3628 viribus
471 3563 595 3627 homini
614 3562 748 3642 invidet,
764 3563 878 3628 suadet
892 3563 1031 3642 mulieri,
1046 3563 1164 3626 mulier
1177 3563 1247 3627 viro
1254 3588 1265 3641 3
1289 3583 1346 3646 per

239 3665 422 3732 suasionem
444 3673 541 3750 atque
560 3688 618 3750 per
636 3666 888 3730 inobedientiam
911 3666 1006 3731 ambo
1024 3667 1148 3750 decepti
1165 3675 1243 3732 sunt
1259 3667 1345 3730 frau-

240 3768 388 3833 dulenter
402 3790 459 3852 per
473 3776 605 3853 gustum
622 3769 711 3852 pomi
724 3769 806 3852 ligni
819 3769 923 3848 vetiti,
939 3777 1036 3853 atqu'e
1050 3771 1235 3834 amoenitate
1249 3770 1347 3833 Para·

240 3871 301 3934 disi
325 3871 441 3955 dejecti
464 3881 541 3936 sunt
562 3872 598 3935 in
618 3872 680 3934 hoc
703 3892 885 3935 aerumnoso
902 3873 1019 3952 seculo,
1036 3880 1069 3936 et
1085 3872 1211 3939 lethum
1232 3870 1295 3934 sibi
1309 3893 1347 3936 ac
1422 3943 1426 3951 ,

240 3973 376 4056 posteris
402 3973 467 4037 suis
488 3981 745 4058 promeruerunt,
761 3982 859 4058 atque
882 3975 917 4038 in
939 3983 1061 4039 tetrum
1083 3974 1190 4059 abyssi
1209 3974 1348 4039 demersi

240 4083 326 4139 sunt.
374 4075 439 4140 Sed
461 4075 522 4140 hoc
542 4076 722 4141 misericors
745 4085 778 4141 et
793 4077 957 4161 piissimus
971 4079 1068 4142 Pater
1082 4077 1222 4141 indoluit
1242 4077 1348 4161 perire

239 4179 366 4266 tamdiu
380 4178 523 4242 nobilem
537 4186 717 4243 creetrrram
732 4180 783 4244 sui
797 4181 991 4264 imaginem3
1008 4181 1159 4246 misertus
1173 4187 1222 4244 est
1237 4181 1348 4266 generi

240 4281 384 4346 humano
393 4307 402 4359 ;
426 4281 516 4344 misit
530 4281 624 4346 nobis
645 4281 680 4346 in
699 4290 856 4367 tempore,
872 4283 906 4347 id
926 4291 986 4363 est,
1002 4292 1075 4367 post
1090 4284 1231 4368 quinque
1245 4284 1349 4350 millia

241 4404 411 4463 annorum,
421 4384 586 4470 proprium
600 4384 704 4450 filium
719 4407 827 4464 suum,
836 4386 1041 4451 utmundum
1051 4387 1213 4472 perditum
1227 4388 1348 4460 itemm
