3234 5125
325 404 342 457 8
596 404 924 465 ,Misonnminnoiis
941 402 1155 461 CHARTERS.

325 578 495 645 Dominioe
506 578 735 647 incarnationis
743 570 1430 658 nc.mx.1ndictioix.,pmidenteautem

325 681 503 761 Theodoro,
533 682 637 766 gratia
657 682 721 747 Dei
745 681 903 766 episcopo,
926 679 1104 763 ceterisque
1124 673 1280 761 episcopis
1307 678 1340 736 et
1369 666 1431 734 Dei

326 783 543 849 sacerdotibus
564 806 621 869 per
638 784 822 849 universam
836 781 1051 861 Britanniam,
1076 778 1197 864 pariter
1215 796 1290 843 cum
1302 770 1432 855 regibus

327 884 519 969 Anglorum,
535 886 683 969 AEgfiido
700 886 769 969 regi
786 883 1086 951 Humbronentium
1100 890 1135 947 et
1149 876 1349 945 Atheldrodo
1362 872 1433 955 regi

328 988 559 1067 Marceutium,
578 1010 653 1054 cuin
676 1010 836 1055 consensu
859 986 1028 1053 Halduulfi
1044 984 1130 1069 regis
1147 979 1432 1062 Aesterauglorum

328 1098 425 1174 atque
445 1090 609 1157 Clotherio
631 1092 700 1175 regi
718 1092 979 1171 cantuariorum,
994 1089 1036 1154 de
1053 1088 1166 1153 multis
1189 1080 1433 1151 necessitatibus

328 1200 513 1272 tractantes,
543 1194 682 1259 maxime
712 1192 752 1259 de
781 1202 870 1260 statu
897 1193 1104 1259 wolesiarum
1132 1190 1206 1270 Dei,
1231 1206 1368 1271 quorum
1393 1181 1433 1246 ab

328 1295 459 1363 olitanis
479 1296 680 1381 temporibus
702 1298 736 1361 in
760 1298 938 1382 primordia
957 1294 1213 1363 Christianitatis
1235 1290 1341 1357 tocius
1359 1286 1433 1353 Bri·

330 1399 440 1465 tannie
469 1400 646 1465 constituta
683 1409 781 1484 atque
815 1401 944 1465 firmata
977 1405 1165 1477 noscuntur,
1195 1391 1356 1480 quomodo
1384 1390 1434 1457 vel

329 1501 479 1584 qualiter,
495 1502 673 1567 secundum
697 1523 847 1567 normam
869 1502 1073 1569 rectitudinis
1096 1499 1148 1565 liis
1167 1494 1366 1582 temporibus
1384 1492 1434 1557 vel

329 1603 448 1671 futuris
477 1604 518 1667 ad
547 1605 739 1670 servandum
762 1604 989 1689 disposuimus,
1014 1625 1089 1671 cnm
1111 1599 1277 1669 communi
1301 1593 1434 1663 oonsilio

332 1704 478 1769 omnium
506 1714 691 1771 nostrorum
720 1728 844 1791 regum,
870 1708 1103 1793 episcoporum,
1126 1706 1177 1769 vel
1205 1704 1303 1769 ctiam
1331 1699 1435 1765 tocius

333 1809 438 1893 gentis
457 1810 638 1893 Anglorum
661 1811 745 1875 lianc
766 1810 993 1877 discretionem
1016 1810 1190 1875 statuimus
1211 1814 1308 1890 atque
1325 1803 1433 1868 decre·

332 1911 447 1989 vimus,
462 1913 643 1997 nostrisque
666 1914 902 1979 successoribus
916 1914 950 1978 id
964 1914 1070 1999 ipsum
1084 1913 1120 1977 iii
1133 1910 1309 1995 portarium
1325 1906 1436 1990 prisci·

332 2015 458 2098 pimus3
481 2014 556 2081 huic
578 2015 704 2081 duobus
726 2016 983 2101 metropolitanis
1007 2037 1027 2080 a
1051 2014 1237 2100 primitibus
1257 2010 1347 2089 locis,
1373 2030 1436 2092 que

332 2126 410 2182 suut
431 2118 578 2183 universe
592 2118 761 2183 Britaunie
783 2120 890 2204 capita
911 2119 1088 2183 constituta
1101 2117 1215 2202 prima,
1230 2114 1317 2180 utin
1332 2114 1436 2177 Doro·

333 2220 443 2286 vernia
466 2220 596 2285 civitate
620 2220 789 2305 principali
812 2222 917 2286 honor
939 2219 1168 2305 archiepiscopi
1192 2226 1225 2283 et
1247 2217 1438 2285 indumento

334 2322 441 2408 paleg¹
465 2324 632 2403 habeatur,
656 2325 740 2389 siout
766 2324 1004 2408 archiepiscopo
1024 2322 1211 2407 Augustino
1235 2319 1346 2405 priscis
1367 2319 1437 2402 jam

333 2425 531 2509 temporibus
551 2435 586 2490 at
601 2448 687 2492 nunc
702 2447 805 2512 iisque
820 2428 952 2491 detenta
970 2434 1021 2493 est
1041 2448 1061 2491 a
1080 2425 1131 2490 sui
1148 2424 1232 2509 juris
1246 2421 1362 2486 ditioni
1381 2441 1439 2504 pei·

333 2528 462 2612 singula
484 2529 555 2595 loca
577 2550 636 2594 iiii.
657 2528 806 2615 episcopi,
824 2551 882 2595 seu
907 2530 1013 2595 omnis
1036 2528 1183 2595 nationes
1203 2526 1385 2610 Anglorum
1404 2530 1438 2588 et

333 2631 523 2698 Brittonum
546 2633 581 2696 in
603 2633 753 2698 australis
776 2633 923 2718 partibus
945 2632 1107 2718 usquead
1125 2630 1265 2696 confinia
1286 2629 1437 2694 Neruii-

333 2732 544 2799 humbrorum
553 2761 564 2815 ς
586 2735 650 2799 alic
671 2757 747 2800 vero
769 2734 804 2799 in
825 2735 986 2800 Eboraiea
1006 2735 1137 2801 civitate
1158 2732 1304 2811 fundata,
1326 2730 1438 2795 simili-

332 2843 445 2921 terque
462 2836 608 2921 suijuris
627 2836 745 2902 ditioni
760 2859 821 2902 iiii.
842 2837 983 2922 episcopi
997 2858 1122 2922 semper
1141 2835 1177 2900 iu
1195 2835 1343 2899 futurum
1363 2832 1437 2896 sub·

330 2940 437 3023 jugati
460 2947 494 3004 ct
515 2947 623 3024 partes
643 2941 843 3024 aquilonales
866 2941 953 3006 sicut
972 2940 1132 3024 disposuit
1153 2936 1438 3025 predecessoribus

333 3041 453 3106 uostris
478 3049 570 3124 patei·
592 3049 704 3105 noster
724 3041 901 3126 Gregorius
921 3043 986 3107 illis
1008 3043 1134 3107 duobus
1160 3041 1289 3106 sedibus
1310 3041 1352 3106 ad
1372 3060 1439 3104 ser·

334 3141 476 3207 vandum
498 3142 747 3226 imperpetuum,
771 3153 808 3208 ut
833 3165 873 3208 ex
891 3144 957 3210 illis
978 3145 1232 3230 praememoratis
1255 3141 1439 3208 civitatibus

334 3243 441 3308 omnis
470 3243 549 3309 ordo
577 3245 783 3311 ecclesiastici
813 3249 909 3312 officii
937 3257 1086 3314 cervatur
1111 3255 1209 3331 atque
1236 3246 1313 3310 inde
1341 3243 1438 3307 mini·

334 3355 468 3426 stratur,
484 3355 553 3410 tam
573 3347 734 3414 ordinatio
755 3349 989 3435 episcoporum,
1005 3351 1056 3415 vel
1074 3349 1173 3414 etism
1187 3348 1299 3413 unctio
1313 3367 1438 3430 regum,

335 3469 496 3533 quamque
516 3450 687 3516 canonicas
704 3451 931 3518 instituciones
946 3474 1009 3537 que
1023 3454 1090 3516 suis
1104 3449 1387 3517 exhortacionibus
1406 3457 1439 3512 et

336 3551 472 3615 assiduis
501 3551 772 3618 sollicitudinibus
805 3555 847 3620 ad
881 3555 1027 3638 regimen
1057 3552 1312 3620 Christianitatis
1340 3552 1438 3636 perti-

335 3661 445 3718 neant
491 3654 535 3717 Et
564 3675 652 3720 nunc
680 3649 757 3740 erg'o
786 3657 906 3721 iterum
935 3658 976 3722 ad
1006 3656 1195 3722 memoriam
1220 3655 1354 3720 retracti
1382 3676 1439 3739 per

335 3755 503 3820 dominum
528 3758 741 3841 apostolicum
763 3759 970 3844 Agathonem
992 3782 1111 3846 papam
1131 3760 1180 3823 ita
1205 3757 1439 3842 inrefragabilis

334 3866 368 3923 et
392 3856 585 3924 inviolabilis
611 3882 631 3924 a
652 3861 747 3925 uobis
768 3863 953 3948 nostrisque
974 3861 1210 3929 successoribus
1227 3869 1439 3945 utrorumque

333 3962 640 4050 prenominatorum
662 3963 832 4028 civitatum
851 3973 1007 4050 perpetuo
1025 3965 1202 4030 stabilitate
1222 3963 1359 4028 firmavi.
1404 3964 1440 4026 Si

334 4065 406 4148 quis
420 4086 506 4146 vero,
523 4066 609 4148 quod
623 4087 690 4130 non
705 4075 865 4155 optumus,
881 4069 1047 4133 obstinata
1066 4067 1272 4134 contumacia
1289 4067 1340 4131 liis
1355 4066 1440 4130 salu-

333 4167 400 4232 bris
419 4167 551 4232 statutis
569 4169 786 4256 obpugnaudo
806 4171 966 4235 contraire
985 4171 1205 4256 temptaverit,
1224 4169 1369 4255 quisquis
1385 4169 1441 4263 illc

333 4269 385 4348 sit,
414 4272 496 4334 sciat
522 4273 676 4336 canonica
700 4272 865 4358 subjacere
885 4274 1060 4354 sentencia,
1086 4281 1119 4338 et
1141 4296 1161 4338 a
1185 4272 1322 4338 sinodali
1345 4273 1442 4357 hujus

826 4389 952 4460 ¹panii?
