3234 5125
359 434 414 489 ωθ
845 435 979 491 WILLS.

359 613 523 671 unawent·
539 606 628 672 mine
645 607 735 673 soule
749 616 785 672 tc
798 606 888 671 lisid-
932 626 1007 672 ever
1035 604 1214 693 unultered,
1245 603 1297 668 for
1325 601 1385 665 the
1422 620 1473 662 re-

358 728 463 774 nesse.
507 709 585 773 And
601 732 637 775 se
654 716 693 797 pe
709 711 776 797 pise
793 710 890 795 quide
931 708 1097 794 demption
1121 707 1159 772 of
1183 727 1239 791 my
1261 704 1345 769 soul.
1390 700 1473 767 And

358 809 493 875 wenden
508 812 604 877 ville·
622 813 732 877 wende
748 813 822 878 God
839 813 890 877 his
931 812 1076 877 whoever
1101 809 1182 873 shall
1208 814 1299 873 avert
1318 806 1387 869 this
1415 804 1472 867 be-

359 933 477 978 ansene
505 914 574 979 him
597 914 680 980 from
705 938 749 981 on
770 915 889 981 domis-
932 922 1035 1001 quest,
1051 912 1212 999 mayGod
1227 920 1319 976 avert
1333 907 1471 973 hissaoc

359 1013 432 1099 day·
932 1020 1017 1084 from
1032 1018 1101 1083 him
1115 1039 1159 1083 on
1173 1014 1364 1099 doomsday.
1572 1038 1573 1045 ¹

653 1333 1156 1346 w

645 1562 908 1619 PRIVIIAEGIUM
931 1560 1167 1618 FRITHERICI.

396 1708 467 1791 Ego
483 1709 697 1789 hethericm,
706 1710 784 1774 licet
798 1708 923 1773 inutilis
939 1710 1003 1773 Dei
1017 1716 1050 1773 et
1066 1708 1194 1772 Sancte
1206 1704 1323 1771 Mariae
1339 1724 1461 1781 aarum,

351 1808 398 1873 sic
420 1830 473 1874 res
491 1832 580 1875 meas
603 1812 745 1895 disposui
767 1812 854 1876 siout
879 1810 1059 1895 subscripta
1081 1816 1251 1874 testantur.
1306 1808 1360 1871 He
1383 1816 1462 1869 sunt

349 1930 402 1974 rea
425 1933 498 1995 quae
520 1913 684 1998 pertinent
707 1913 748 1978 ad
769 1914 947 1979 aecclesiam
974 1914 1094 1978 Sancte
1116 1912 1259 1976 Helenae.
1304 1910 1347 1973 In
1365 1909 1460 1972 Wioa

350 2013 472 2097 capella
494 2014 594 2097 ipsius
615 2014 720 2093 villae,
744 2016 875 2099 Capella
899 2015 939 2080 de
960 2015 1144 2099 Wihtlega;
1175 2013 1307 2098 Capella
1325 2011 1366 2075 de
1386 2012 1458 2073 Wi-

350 2115 519 2195 ceneford,
546 2117 678 2201 Capella
701 2118 741 2181 de
764 2118 1031 2201 Cheohingwioa3
1056 2117 1188 2201 Capella
1205 2115 1245 2180 de
1268 2115 1361 2194 Holt,
1382 2134 1456 2177 cum

350 2215 484 2280 dimidia
498 2218 588 2301 virga
605 2226 712 2299 terrae,
728 2240 801 2302 quae
820 2220 928 2283 reddit
948 2240 980 2283 v.
1000 2219 1119 2285 solidos
1135 2239 1347 2303 perannum:
1371 2223 1404 2279 et
1421 2215 1456 2278 in

349 2319 530 2385 Lauuernoe
544 2321 680 2387 dimidia
696 2322 774 2387 hida
786 2330 893 2401 terrae,
909 2342 982 2406 quaa
992 2321 1100 2386 reddit
1115 2342 1147 2386 x.
1163 2319 1293 2399 solidos,
1305 2324 1338 2383 et
1355 2317 1456 2381 libera

349 2428 400 2486 cst
423 2443 443 2485 a
467 2422 579 2506 geldis.
624 2426 670 2490 Et
697 2446 811 2489 omnes
834 2423 978 2503 decimae,
1009 2432 1078 2489 tam
1107 2423 1147 2489 de
1176 2422 1337 2487 dominica
1365 2428 1454 2485 curte
1575 2466 1576 2481 ,

349 2523 502 2610 episcopi,
527 2547 624 2610 quarn
647 2525 688 2592 de
711 2526 801 2592 omni
826 2534 914 2592 terra
937 2526 1107 2592 hominum
1133 2525 1180 2591 ibi
1202 2533 1322 2590 terram
1343 2530 1452 2588 tenen-

348 2625 451 2708 tium,
484 2635 518 2694 et
545 2630 695 2695 similiter
723 2630 763 2696 de
792 2631 966 2716 Mertlega,
993 2629 1049 2694 sed
1072 2629 1231 2715 presbiter
1254 2627 1352 2692 habet
1379 2627 1469 2691 inde.

348 2731 478 2795 tertiam
492 2739 617 2815 partem
635 2733 780 2812 decime,
795 2739 830 2798 et
844 2734 969 2818 virgam
983 2741 1080 2798 terroe
1100 2732 1139 2797 ad
1155 2731 1277 2796 victum
1291 2752 1397 2808 suum,
1412 2729 1451 2792 ad
1576 2779 1577 2808 ,

348 2832 514 2897 servitium
539 2835 702 2900 ecclesiae.
747 2836 789 2898 In
808 2834 1015 2900 Northuuica
1032 2835 1198 2919 pertinent
1217 2833 1259 2898 ad
1278 2832 1450 2917 predictam

349 2935 526 3000 ecclesiam
549 2957 662 3002 omnes
686 2937 818 3022 capelloe
841 2935 882 3001 de
912 2937 1008 3002 leudo
1033 2937 1193 3021 episcopi:
1223 2934 1449 3011 Warmeduna,

350 3038 541 3124 Hindelepe,
554 3040 760 3118 Hudintuna,
772 3039 918 3119 Cirohul,
928 3040 1106 3119 Witintun,
1116 3039 1288 3116 Cleinesse,
1299 3044 1332 3101 et
1341 3057 1449 3100 omnes

349 3137 493 3221 decimae,
519 3149 589 3205 tam
612 3142 653 3207 de
674 3142 838 3207 dominica
866 3149 968 3220 curte,
991 3163 1089 3226 quam
1111 3141 1152 3206 de
1173 3148 1260 3204 terra
1280 3139 1448 3203 liberorum

349 3241 517 3306 hominum
541 3251 575 3307 et
593 3245 787 3308 villanorum
811 3245 851 3308 de
874 3245 1024 3328 episcopo
1041 3243 1234 3308 tenentium.
1279 3242 1321 3305 In
1342 3241 1449 3324 Burgo

349 3351 458 3408 autem
483 3345 522 3408 ad
549 3345 652 3429 ipsam
669 3347 846 3410 aecclesiam
866 3347 1031 3431 pertinent
1055 3367 1170 3411 norem
1190 3365 1351 3408 mansurae
1370 3343 1450 3407 circa

350 3445 537 3524 aecclesiam,
554 3468 633 3529 quas
649 3448 769 3531 partim
786 3456 948 3513 extractas
965 3448 1202 3532 recongregavi,
1218 3447 1335 3531 purtim
1351 3447 1449 3530 pretio

350 3554 385 3610 et
395 3546 504 3611 labora
519 3547 686 3631 adquisivi,
697 3571 770 3633 quae
781 3549 809 3613 si
821 3551 861 3614 de
872 3551 1023 3615 incendio
1033 3558 1179 3634 reparate
1189 3549 1310 3613 fuerint
1320 3555 1449 3631 possunt

348 3669 405 3733 per
427 3671 549 3713 annum
573 3650 706 3715 reddere
730 3672 783 3715 ιι.
807 3653 938 3732 solidos,
964 3660 998 3717 et
1020 3651 1140 3735 aliquid
1162 3651 1243 3736 plus.
1290 3651 1361 3715 Hec
1381 3671 1448 3733 pre·

348 3751 436 3816 dicta
448 3752 593 3818 aecclesia
606 3762 656 3817 est
670 3738 712 3818 de
725 3755 871 3820 dominio
891 3757 1021 3820 Sanctae
1036 3754 1162 3833 Mariae,
1178 3761 1211 3818 et
1229 3753 1269 3818 de
1283 3753 1371 3818 victu
1383 3773 1448 3816 mo-

347 3855 535 3919 nachorum.
581 3856 678 3921 Hanc
691 3856 753 3940 ipsi
768 3855 893 3936 fratres,
909 3864 983 3940 post
1001 3857 1128 3921 obitum
1145 3856 1287 3940 episcopi
1300 3854 1448 3933 Wlstaui,

349 3957 580 4022 commiserunt
593 3957 676 4020 milri
691 3957 732 4021 ad
746 3959 950 4023 serviendum
968 3959 1044 4023 inde
1062 3959 1178 4044 majori
1194 3957 1345 4036 aecclesie,
1361 3965 1394 4020 et
1410 3956 1449 4019 ad

346 4057 530 4122 faciendum
550 4060 729 4143 proficuum
750 4081 864 4124 eorum
885 4061 921 4124 in
942 4061 1009 4125 vita
1030 4083 1111 4126 mea.
1157 4062 1237 4125 Post
1255 4067 1363 4124 autem
1383 4059 1448 4122 sine

347 4160 600 4224 contradictione
616 4161 795 4245 reciperent
815 4183 883 4242 sua,
903 4168 936 4226 et
955 4161 1029 4226 ideo
1046 4182 1240 4245 unoquoque
1259 4182 1345 4225 anno
1364 4160 1447 4243 quic-

347 4263 425 4345 quid
439 4263 557 4327 lucrari
574 4270 719 4346 poteram
734 4262 774 4328 de
789 4263 933 4342 decimis,
950 4263 1152 4329 conferebam
1171 4265 1217 4329 eis
1235 4264 1275 4328 ad
1293 4271 1446 4328 restaura·

347 4365 468 4429 tionem
495 4365 646 4430 aecclcsiae
668 4387 746 4429 suae.
795 4367 871 4431 Hoc
893 4374 1010 4447 totum,
1035 4367 1157 4431 scilicet
1186 4365 1373 4444 aecclesiam,
1394 4364 1446 4427 de·
