3234 5125
301 430 336 482 80
461 387 464 394 ¹
579 429 898 484 MISCELIANEOUS
920 429 1133 484 CHARTERS.

304 607 442 664 maneat.
498 598 594 663 Hanc
623 599 806 666 libertatem
835 598 996 682 predicte
1029 597 1171 662 ecclcsiae
1199 597 1316 662 donabi
1348 619 1407 683 pro

304 701 419 765 humili
448 701 631 766 obedientia
658 701 849 766 venerabilis
880 701 1020 786 episcopi
1048 701 1255 781 Bccrnmodi,
1286 711 1320 766 et
1348 723 1407 786 pro

306 826 414 870 amore
429 805 564 889 apostoli
583 805 692 869 Sancti
708 804 858 883 Andreae,
874 813 908 868 et
920 804 1008 869 beati
1022 803 1150 867 Paulini
1166 803 1405 888 archiepiscopi,

306 908 399 992 cnjus
420 929 534 991 corpus
555 908 590 970 in
613 906 765 991 prtedicta
788 907 923 971 ecclesia
938 906 1109 990 requiescit
1118 931 1130 984 3
1154 906 1201 970 sic
1220 906 1319 970 etiam
1337 927 1406 971 om-

305 1011 401 1074 nibus
430 1009 664 1074 successoribus
685 1009 735 1073 vel
756 1009 927 1073 heredibus
949 1009 1048 1087 meis3
1078 1030 1205 1074 necnon
1226 1010 1407 1092 cuicunque

305 1112 407 1195 gradu
421 1111 550 1194 regibus
565 1131 621 1175 scu
636 1111 844 1196 principibus,
859 1111 894 1174 in
907 1111 1039 1176 nominc
1052 1119 1172 1176 mnctae
1180 1112 1357 1190 'ibinitstis
1373 1119 1407 1174 et

306 1235 362 1300 per
380 1215 581 1279 tremendum
603 1214 665 1278 Dei
682 1214 852 1298 judicium,
868 1214 1026 1298 precipio,
1043 1221 1080 1276 ut
1098 1213 1166 1279 hoec
1185 1212 1317 1278 donatio
1335 1233 1407 1277 mea

307 1320 399 1382 firma
422 1325 455 1381 et
479 1316 621 1380 inlabata
644 1317 895 1401 inconcussaque
919 1325 1114 1401 permaneat.
1170 1317 1205 1380 Si
1235 1317 1306 1400 quis
1331 1336 1407 1380 vero

308 1420 369 1511 hoc
384 1419 531 1484 benivola
547 1427 656 1484 mente
673 1417 841 1484 observare
855 1419 1002 1498 voluerit,
1017 1428 1161 1484 servetur
1178 1420 1209 1484 ei
1225 1419 1406 1484 benedictio

306 1521 501 1605 sempiterna
517 1522 570 1586 hic
586 1522 622 1585 in
640 1530 807 1600 eternum
831 1522 859 1586 si
873 1530 993 1600 sutem,
1013 1523 1098 1606 qnod
1113 1523 1206 1600 absit,
1222 1522 1336 1606 aliquis
1355 1523 1405 1585 in-

307 1625 488 1703 surrexerit,
504 1626 672 1709 tyraunica
685 1632 842 1708 potestate
856 1625 968 1703 hctus,
983 1648 1041 1690 seu
1055 1625 1212 1691 diabolica
1224 1625 1407 1689 temeritate

305 1729 488 1812 instigans,
504 1727 560 1811 qui
573 1727 657 1792 hanc
671 1727 854 1792 libertatem
868 1727 1042 1810 infringere
1060 1737 1118 1793 sut
1134 1729 1290 1806 minuere,
1305 1727 1356 1792 vel
1370 1727 1405 1790 in

306 1831 386 1895 aliut
408 1839 592 1896 convertere
606 1830 812 1914 temptaverit
835 1852 931 1914 quem
955 1820 978 1894 a¹
995 1831 1089 1895 nobis
1110 1831 1323 1896 constitutum
1345 1837 1405 1908 est,

307 1935 386 1998 sciet
407 1955 441 1998 se
464 1941 646 2018 separatum
669 1954 689 1997 a
710 1932 936 1997 communione
961 1940 1079 1997 sancta
1107 1933 1170 1997 Dei
1195 1933 1348 2011 ecclesie,
1370 1940 1405 1997 ct

307 2060 326 2102 a
348 2036 592 2122 participatione
612 2035 758 2100 omnium
777 2043 964 2100 sanctorum
983 2037 1057 2113 Dei,
1080 2045 1114 2101 et
1136 2037 1255 2101 eternis
1276 2035 1406 2120 ignibus

305 2161 374 2204 esse
388 2139 555 2216 nodatum,
565 2137 628 2201 nisi
643 2137 731 2222 prius
743 2137 840 2221 digne
851 2145 884 2202 et
893 2137 1034 2222 perfecte
1047 2138 1101 2203 hic
1114 2138 1150 2201 in
1164 2138 1282 2203 seculo
1296 2158 1406 2202 emen-

306 2243 381 2306 dare
396 2241 542 2306 voluerit.
590 2240 716 2324 Scripta
731 2248 780 2306 cst
794 2241 864 2305 brec
877 2241 1003 2305 cartule
1019 2262 1104 2305 enno
1118 2241 1287 2305 dominice
1301 2241 1405 2305 incar·

305 2344 445 2408 nationis
467 2363 693 2420 nocemur,
710 2342 892 2407 indictione
906 2363 964 2422 vu,
979 2343 1030 2406 his
1053 2343 1189 2407 testibus
1204 2343 1404 2408 consentien-

305 2446 393 2511 tibus
413 2454 446 2510 et
465 2446 558 2530 signo
575 2451 695 2509 sanctae
714 2445 818 2508 onicis
836 2445 958 2510 Christi
977 2445 1251 2525 confirmantibus,
1267 2466 1405 2529 quorum

169 2621 173 2629 ,
306 2549 438 2616 nomina
452 2548 536 2613 infra
549 2553 703 2613 tenentur
717 2547 875 2632 ascripto:

350 2656 390 2735 ›1‹
406 2654 477 2735 Ego
499 2651 679 2735 Ecgbertus
696 2671 751 2715 rex
770 2651 953 2734 Anglorum
972 2651 1056 2716 hanc
1073 2630 1279 2717 donationern
1299 2673 1404 2716 meam

306 2755 402 2839 hujus
426 2754 586 2818 libertatis
609 2754 701 2836 signo
730 2759 850 2817 sanctie
879 2754 983 2817 crucis
1007 2754 1128 2819 Christi
1156 2756 1343 2820 confirmavi
1371 2762 1405 2819 et

305 2856 488 2941 subscripsi.
559 2859 599 2938 ›1‹
615 2857 686 2939 Ego
714 2854 890 2919 Atheluulf
907 2876 964 2920 rex
992 2857 1140 2920 consensi
1162 2865 1196 2921 et
1219 2856 1403 2941 subscripsi.
1478 2896 1484 2905 ·

307 2965 347 3044 ›1‹
363 2961 434 3043 Ego
442 2956 591 3021 Wulired
604 2956 858 3041 archiepiscopus
866 2958 1013 3022 consensi
1023 2966 1056 3022 et
1067 2958 1248 3042 subscripsi.
1277 2962 1317 3041 ›1‹
1333 2961 1405 3042 Ego

304 3064 469 3146 Wigdegn
490 3060 655 3145 episeopus
677 3059 824 3124 consensi
845 3067 877 3123 et
899 3060 1083 3144 subscripsi.
1149 3062 1277 3144 ›14Ego
1306 3059 1405 3125 Ealh·

305 3172 380 3229 stan
408 3162 575 3247 episcopus
604 3160 776 3245 subscripsi
805 3169 839 3226 et
863 3163 1021 3227 consensi.
1067 3165 1108 3244 »1⁴
1123 3164 1195 3247 Ego
1220 3162 1405 3228 Becrnmod

296 3267 471 3352 episcopus
486 3264 631 3328 consensi
646 3271 679 3327 et
693 3262 876 3347 subscripsi.
928 3268 968 3347 ›1‹
984 3266 1055 3348 Ego
1063 3264 1240 3329 Wulthard
1250 3266 1315 3330 dux
1329 3287 1407 3330 con·

305 3368 391 3433 sensi
412 3376 445 3432 et
464 3365 646 3449 subscripsi.
693 3369 733 3448 ›1‹
750 3368 821 3450 Ego
840 3367 1005 3432 Monncde
1026 3367 1093 3431 dux
1113 3369 1311 3433 consenciat
1328 3368 1402 3432 sub-

305 3470 427 3554 scripsi.
475 3472 516 3551 ›1‹
531 3469 604 3551 Ego
617 3468 740 3532 Osmod
755 3468 821 3531 dux
836 3470 983 3534 consensi
997 3478 1031 3534 et
1045 3470 1226 3555 subscripsi.
1276 3474 1317 3553 »1⁴
1333 3473 1405 3556 Ego

305 3572 424 3639 Dudda
440 3571 505 3635 dux
524 3570 670 3636 consensi
689 3579 723 3635 et
743 3572 924 3656 subscripsi.
970 3576 1010 3655 ›1‹
1026 3574 1098 3657 ugo
1117 3572 1239 3637 Aldrcd
1258 3575 1405 3638 consensi

305 3685 338 3741 et
352 3674 533 3759 subscripsi.
573 3676 613 3755 ›1‹
629 3675 700 3757 Ego
711 3674 834 3737 Oshere
848 3675 995 3739 consensi
1008 3681 1041 3737 et
1056 3674 1238 3759 subscripsi.
1277 3677 1406 3759 ›1⁴Egc

304 3777 497 3843 AEthelwulf
506 3776 652 3841 consensi
667 3784 700 3839 et
715 3776 896 3859 subscripsi.
939 3779 980 3858 »1⁴
995 3777 1067 3861 Ego
1077 3776 1196 3842 Duduc
1210 3778 1358 3843 consensi
1372 3786 1406 3841 et

303 3880 486 3965 subscripsi.
543 3882 583 3961 ›1‹
599 3879 670 3962 Ego
691 3878 783 3942 Boba
806 3878 953 3942 consensi
979 3886 1013 3943 et
1037 3879 1221 3964 subscripsi.
1276 3883 1317 3962 »1⁴
1334 3881 1404 3963 Ego

303 3983 463 4049 Ealhherc
477 3981 623 4046 consensi
632 3989 666 4045 et
681 3980 862 4065 subscripsi.
908 3984 949 4063 »1⁴
964 3982 1036 4065 Ego
1051 3981 1199 4066 Sigesteb
1213 3983 1360 4047 consensi
1374 3992 1408 4047 et

303 4084 485 4169 subscripsi.
532 4087 572 4166 ›1‹
589 4086 660 4168 Ego
674 4084 841 4149 Abelhsrd
855 4083 1001 4148 consensi
1016 4091 1049 4148 et
1063 4085 1245 4169 subscripsi.
