3234 5125
297 434 351 489 284
574 432 896 491 MISOELLANEOUS
915 431 1131 489 CHARTERS.

296 602 439 671 ministri
461 604 526 670 mei
557 604 678 685 dilecti,
709 624 838 670 necnon
865 612 900 669 et
928 602 1056 669 abbatis
1082 602 1148 669 mei
1169 602 1309 687 Wligari
1334 609 1405 667 tots

296 708 379 773 mihi
403 709 573 773 devotione
596 708 739 792 benigni,
763 708 820 792 qui
840 729 894 772 me
915 706 1076 791 frequenti
1097 707 1304 790 suggestione
1328 726 1403 769 cum

297 820 479 877 ceterorum
493 811 639 876 fidelium
654 810 854 877 commonuit
874 809 1024 875 suasione
1043 809 1196 893 quatinus
1210 807 1275 872 Dei
1289 807 1403 873 Omni·

297 916 440 999 potentis
474 914 686 979 hereditatem
721 934 759 979 ex
788 913 898 997 aliqua
925 918 1017 997 parte
1043 912 1198 975 innovare
1226 918 1260 973 et
1284 930 1402 991 augere

297 1038 461 1083 crrrarem:
494 1017 579 1100 quod
611 1024 645 1081 et
673 1016 744 1095 feci,
774 1024 908 1101 propter
929 1014 1063 1094 Christi,
1088 1014 1145 1099 qui
1169 1034 1223 1077 me
1244 1013 1280 1076 in
1300 1033 1401 1097 regno

297 1120 494 1199 sublimavit,
510 1140 663 1199 amorem,
684 1127 718 1183 et
737 1141 850 1184 eorum
870 1118 926 1203 qui
949 1140 1003 1183 me
1024 1118 1128 1182 amica
1149 1116 1338 1181 assiduitate
1361 1115 1402 1179 ad

296 1244 402 1289 meam
419 1228 609 1287 exortantur
624 1222 836 1286 necessariam
851 1229 885 1286 et
899 1228 1045 1285 eternam
1060 1220 1210 1298 salutem,
1225 1226 1259 1284 et
1272 1225 1404 1302 propter

297 1325 453 1391 humilem
475 1332 510 1390 et
528 1324 703 1408 benignam
727 1345 824 1408 quam
848 1323 930 1387 mibi
951 1322 1094 1408 prefatus
1115 1322 1199 1387 abba
1214 1320 1354 1385 fideliter
1369 1329 1403 1385 et

297 1435 463 1513 gratanter
476 1427 603 1492 exibere
625 1426 708 1493 solet
723 1426 953 1491 obedientiam.
999 1427 1074 1491 Hoc
1085 1446 1213 1509 quoque
1227 1424 1404 1489 voluntatis

296 1552 369 1596 mee
393 1530 585 1595 beneficium
610 1530 718 1615 palam
747 1530 873 1595 emens
902 1530 1081 1609 innotesco,
1109 1528 1195 1613 quod
1216 1527 1403 1593 earumdem

296 1634 535 1718 possessionum
565 1640 669 1697 terras
699 1632 734 1696 in
760 1653 953 1716 unaquaque
978 1632 1032 1697 cui
1056 1631 1204 1717 adjacent
1226 1630 1402 1716 provincia,

295 1756 371 1801 cum
394 1736 543 1801 omnibus
566 1736 606 1799 ad
627 1756 663 1800 se
681 1735 931 1819 pertinentibus,
949 1735 1017 1799 sive
1035 1734 1071 1798 in
1092 1734 1277 1818 prediorum
1294 1733 1403 1798 muni·

298 1838 401 1923 cipiis,
426 1838 492 1903 sive
516 1839 551 1901 in
574 1837 709 1917 tributo,
728 1839 795 1903 sive
820 1839 856 1902 in
879 1838 1034 1917 thelonio,
1050 1838 1117 1901 sive
1141 1836 1177 1901 in
1200 1856 1403 1921 quocumque

298 1943 440 2025 negotio,
462 1942 548 2026 qnod
571 1941 606 2005 in
630 1961 824 2026 unoquoque
841 1962 917 2005 rure
940 1941 1065 2005 diverso
1087 1940 1185 2004 modo
1207 1939 1290 2003 solet
1306 1938 1402 2021 exigi,

298 2044 394 2130 plena
414 2043 564 2109 libertate
588 2044 628 2108 ab
651 2044 740 2108 omni
763 2052 891 2109 terrene
910 2044 1075 2108 servitutis
1093 2044 1174 2129 jugo
1195 2042 1311 2107 liberas
1333 2062 1403 2106 esse

298 2146 448 2227 concedo,
465 2148 734 2232 quemadmodum
757 2156 850 2231 pater
864 2168 955 2213 meua
973 2147 1309 2232 supranominatorum
1329 2166 1404 2230 por·

298 2250 421 2316 tionem
441 2258 602 2315 terrarum
624 2250 666 2315 ab
682 2250 831 2315 universa
856 2250 1093 2314 mundanarum
1115 2271 1224 2314 rerum
1250 2248 1403 2313 servitute

297 2354 415 2418 liberas
440 2374 510 2417 esse
533 2352 702 2432 concessit,
725 2354 867 2437 exeeptis
890 2352 1005 2432 tribus,
1020 2361 1092 2418 rata
1105 2352 1254 2417 videlicet
1275 2350 1402 2435 expedi-

297 2455 398 2534 tione,
413 2456 521 2540 pontis
545 2456 665 2520 arcisve
688 2457 934 2522 restauratione.
978 2456 1067 2521 Illud
1081 2456 1179 2521 etiam
1197 2476 1272 2520 eum
1293 2463 1402 2519 sancte

297 2558 476 2639 ibinitatis,
507 2567 540 2624 et
569 2558 735 2625 individue
765 2559 922 2640 Unitatis,
953 2567 987 2625 et
1014 2558 1109 2624 beate
1142 2558 1249 2624 Maria
1277 2579 1403 2642 semper

297 2662 430 2747 virginis
453 2662 646 2727 auctoritate
669 2661 822 2747 precipio,
848 2670 887 2726 ut
909 2663 1019 2726 nullus
1041 2662 1212 2727 bominum
1236 2668 1401 2747 presumat

297 2765 380 2830 hanc
402 2765 608 2830 donationem
627 2765 794 2831 occasione
815 2765 958 2849 qualibet
971 2766 1156 2845 immutare,
1170 2787 1232 2830 nec
1247 2764 1401 2829 territorii

295 2867 438 2933 codicem
446 2868 497 2934 vel
508 2869 655 2952 cirografi
667 2868 825 2932 dictatum
841 2875 954 2933 contra
967 2889 1039 2933 mee
1049 2868 1271 2933 munificentie
1282 2868 1401 2952 scripta

294 2971 330 3035 in
364 2973 507 3037 medium
533 2973 694 3056 proferre,
727 2972 784 3036 sed
814 2972 964 3036 universa
985 2973 1043 3036 illa
1067 2972 1201 3056 antiqua
1228 2971 1401 3050 territoria,

294 3075 478 3159 supradicto
504 3075 653 3158 exigente
676 3083 779 3154 reatu,
802 3097 929 3159 semper
951 3075 987 3138 in
1009 3082 1173 3159 posterum
1196 3095 1257 3158 pro
1280 3074 1401 3139 nichilo

295 3181 532 3259 computentru,
549 3183 583 3239 et
597 3174 638 3238 ad
657 3175 816 3240 nichilum
837 3177 968 3241 redacta
981 3177 1126 3240 omnium
1146 3177 1249 3260 sputis
1262 3175 1401 3242 obnoxia

295 3277 534 3356 conculcentur,
551 3285 584 3341 et
599 3277 696 3361 hujus
717 3279 876 3363 privilegii
897 3278 1025 3343 decreta
1039 3279 1149 3343 stabili
1163 3286 1196 3344 et
1210 3279 1400 3343 inconcussa

294 3378 457 3444 soliditate
471 3379 673 3446 roborentur.
719 3369 844 3465 Siquis
863 3389 982 3461 autem,
997 3381 1173 3466 instigante
1187 3381 1324 3460 diabolo,
1339 3381 1400 3445 hec

293 3481 441 3545 consulta
455 3488 523 3546 tam
537 3504 610 3546 mea
624 3505 721 3567 quam
735 3483 846 3547 divina
859 3483 1051 3548 auctoritate
1065 3483 1272 3549 corroborata
1280 3483 1399 3551 violare

293 3585 533 3668 presumpserit,
557 3586 622 3650 sive
648 3606 739 3652 meus
763 3587 806 3651 sit
829 3587 926 3666 filius,
947 3587 1014 3653 sive
1038 3587 1113 3667 dux,
1128 3588 1195 3652 sive
1220 3587 1397 3672 episcopus,

292 3686 360 3751 sive
388 3687 547 3767 minister,
567 3697 624 3752 aut
654 3690 886 3773 cujuscumque
915 3689 1083 3776 dignitatis
1106 3691 1260 3770 extiterit,
1284 3691 1398 3757 Omni·

293 3797 408 3876 potens
423 3792 522 3871 Deus,
536 3800 711 3876 sanctaque
729 3794 798 3877 ejus
820 3792 960 3876 genitrix
975 3813 1162 3878 semperque
1175 3794 1267 3878 virgo
1281 3794 1399 3872 Maria,

293 3902 328 3960 et
348 3895 455 3959 omnis
481 3916 693 3980 supernorum
720 3904 831 3959 sancta
850 3896 954 3960 virtus
976 3896 1175 3960 exercituum
1196 3898 1399 3982 majestatem

292 3997 435 4063 divinam
456 3997 639 4062 incessabili
653 4019 730 4062 voce
749 3998 962 4078 laudantium,
977 3998 1065 4063 hunc
1079 3999 1114 4063 in
1128 4000 1195 4063 vita
1208 3998 1273 4063 iata
1293 3999 1397 4084 despi-

290 4100 365 4178 ciat,
380 4107 414 4164 et
428 4100 614 4184 despectum
635 4099 670 4163 in
691 4099 803 4164 futuro
825 4101 934 4165 seculo
951 4101 1021 4164 sine
1035 4101 1100 4165 fine
1114 4102 1279 4187 disperdat
1292 4103 1396 4182 illum,

291 4202 354 4266 nisi
383 4223 526 4285 congruis
554 4202 772 4267 satisfactione
802 4210 878 4266 ante
907 4203 1030 4268 exitum
1059 4225 1155 4269 suum
1180 4206 1399 4271 emendaverit

292 4305 379 4389 quod
393 4312 506 4370 contra
520 4305 628 4369 Deum
643 4312 853 4390 sanctamque
866 4306 1009 4370 Mariam
1023 4306 1170 4392 deliquit.
1214 4310 1333 4374 Amen.

336 4405 444 4493 Hujus
472 4407 631 4492 privilegii
656 4407 829 4494 descriptio
851 4410 975 4495 jugiter
1002 4410 1038 4474 in
1067 4410 1293 4495 prenominato
1321 4433 1398 4478 con·
