3234 5125
203 497 210 506 ι
301 425 352 478 106
577 423 897 480 MISCELLANEOUS
916 423 1128 479 OIIARTERS.

345 597 416 660 Her
430 596 545 661 sindan
562 598 602 661 da
622 618 740 661 neman
756 598 836 660 'tere
914 559 1002 660 Here
1019 617 1073 660 are
1092 595 1149 660 the
1167 615 1278 659 names
1291 595 1329 659 of
1348 593 1403 658 the

299 721 420 764 monna
439 703 477 784 be
496 701 544 788 pis
561 709 738 783 wreotan]
758 701 835 764 fest·
868 720 943 763 men
969 700 1039 763 who
1064 707 1164 763 wrote
1193 699 1257 762 and
1279 699 1405 762 ratified

300 803 491 987 neladrmm
505 923 570 967 rex.
615 903 763 967 Caelnoth
782 804 1048 987 nchiibldcopus.
1093 899 1264 966 Tuubcrht
1280 900 1401 983 episeo-

300 1027 370 1089 pus.
416 1005 539 1069 Ceored
558 1005 735 1088 episcopus.
781 1007 912 1071 Alchun
935 1005 1113 1088 episcopus.
1159 1002 1318 1068 Berhtred
1337 1003 1403 1086 cpi·

300 1129 426 1191 scopus.
460 1107 612 1172 Wibtred
627 1107 735 1172 abbas.
781 1107 959 1173 Werheard
974 1107 1082 1171 abbas.
1121 1106 1313 1172 AEthelbard
1327 1106 1402 1170 dux.

302 1211 479 1275 Hunberht
493 1209 567 1274 dux.
609 1210 747 1274 Aldbert
762 1210 838 1275 dux.
882 1209 1071 1276 Beomhard
1085 1210 1161 1273 dux.
1200 1209 1311 1273 Muoel
1325 1207 1401 1272 dux.

299 1313 447 1378 Osmund
462 1312 536 1377 dux.
593 1312 736 1380 AElfstau
751 1313 827 1379 dux.
870 1313 993 1379 Aldred
1007 1313 1084 1376 dux.
1128 1311 1310 1376 Wenberht
1324 1313 1400 1376 dux.

342 1521 379 1583 Ic
399 1517 534 1583 Ceolred
551 1519 610 1582 abb
630 1521 685 1602 pas
706 1539 764 1583 ure
786 1541 835 1584 se-
911 1522 929 1584 I
969 1517 1102 1584 Ceolred
1141 1517 1238 1582 abbot
1268 1519 1401 1582 confirm

299 1622 371 1687 lene
395 1607 463 1685 mid
493 1620 614 1685 Cristes
636 1621 714 1686 rode
739 1629 834 1688 tacue
866 1622 929 1686 and
950 1621 1045 1706 ratify
1067 1621 1134 1684 this
1156 1642 1216 1686 our
1237 1621 1299 1705 gift
1324 1622 1401 1685 with

300 1733 470 1809 trymme]
487 1724 612 1790 festnie.
866 1725 922 1788 the
932 1725 1005 1809 sign
1018 1724 1056 1788 of
1066 1723 1205 1788 Christ’s
1219 1723 1309 1788 rood.

343 1826 502 1890 Aldberht
522 1827 721 1911 praepositus.
768 1827 929 1892 Alchcard
949 1817 1116 1910 presbiter.
1161 1825 1289 1894 Eanred
1312 1847 1400 1911 pres-

296 1930 391 1994 biter.
435 1929 604 1994 Wilheard
623 1930 789 2012 presbiter.
836 1931 976 1995 censere
997 1931 1163 2014 presbiter.
1209 1930 1400 2015 Cyneweald

295 2032 461 2116 presbiter.
514 2030 682 2096 Eaduuald
700 2034 867 2116 presbiter.
913 2032 1060 2117 Egberht
1073 2034 1238 2098 diaconus.
1292 2035 1398 2098 Hum-

295 2135 391 2199 berht
405 2134 568 2199 diaconus.
612 2135 775 2200 Aldhelm.
820 2136 1020 2221 Byrnuunld.
1065 2137 1225 2202 Tunwulf.

198 2469 203 2478 '
301 2493 398 2550 nmo
415 2493 674 2548 mresswuus
691 2493 740 2549 or
757 2494 924 2551 wasser.
961 2496 1080 2551 Aram
1098 2497 1173 2551 mm
1192 2497 1387 2553 necerim

336 2643 376 2724 ᾧ
394 2644 562 2728 Regnante
585 2645 821 2728 imperpetuum
840 2644 983 2708 Domino
1002 2652 1114 2707 nostro
1137 2645 1240 2709 Jhesu
1255 2646 1396 2724 Christo,

290 2768 417 2810 summo
432 2756 465 2811 et
479 2748 633 2812 ineffabili
648 2769 755 2811 rerum
771 2747 923 2810 Creatore
937 2747 1093 2825 omnium,
1105 2754 1251 2830 tempora
1264 2749 1320 2831 qui
1338 2772 1397 2812 sua

289 2850 481 2914 multimode
503 2850 674 2934 disponens
694 2848 895 2932 temporibus
915 2850 1064 2932 potencia
1082 2859 1121 2913 ut
1138 2850 1276 2915 voluerit
1297 2854 1394 2915 finem

175 3002 179 3011 .
289 2953 432 3036 inponet,
449 2960 482 3015 et
497 2952 556 3017 hae
570 2954 636 3015 vita
650 2950 841 3034 degentibus
856 2953 981 3015 cunctis
995 2961 1117 3017 certum
1134 2962 1172 3017 ut
1186 2964 1396 3039 proposuerat

288 3055 414 3117 dierum
429 3054 603 3117 terminum
619 3054 812 3132 constituet3
835 3053 951 3119 iccirco
967 3056 1092 3121 cunctis
1115 3058 1275 3140 agendum
1289 3067 1328 3123 ut
1341 3060 1395 3123 bic

288 3157 382 3221 bonis
398 3156 521 3222 actibus
535 3158 643 3221 future
657 3156 867 3221 beatitudinis
881 3158 1070 3223 felicitatem
1084 3162 1312 3244 perpetualiter
1326 3162 1394 3227 adi-

290 3260 369 3343 pisci
387 3266 581 3323 mereautur.
627 3260 833 3344 Quapropter
852 3281 912 3344 ego
927 3263 1078 3341 Abelwlf
1095 3265 1202 3347 gracia
1221 3265 1284 3330 Dei
1299 3267 1392 3331 Occi·

290 3362 466 3426 dentalium
495 3363 658 3425 Saxonum
681 3383 747 3441 rex,
774 3363 809 3426 in
835 3373 948 3428 sancta
969 3374 1003 3429 et
1024 3367 1231 3432 celeberrima
1252 3369 1394 3451 paschali

290 3465 526 3549 solempnitate,
537 3486 595 3549 pro
609 3487 680 3529 mee
694 3466 837 3530 remedio
852 3467 969 3546 anime,
982 3477 1015 3532 et
1029 3470 1121 3552 regni
1135 3471 1346 3554 prosperitate
1361 3481 1395 3536 et

290 3569 411 3651 populi,
438 3568 479 3632 ab
502 3570 721 3651 omnipotente
741 3570 812 3632 Deo
836 3570 937 3634 michi
956 3572 1065 3635 collati
1086 3572 1200 3651 salute,
1224 3574 1394 3638 consilium

290 3671 416 3735 salubre
450 3692 522 3734 cum
558 3671 724 3754 episcopis,
755 3673 938 3752 comitibus,
968 3675 1156 3758 cunctisque
1185 3678 1394 3759 optimatibus

290 3772 381 3852 meis,
397 3795 456 3856 ego
476 3773 642 3837 humiliter
660 3796 718 3857 pro
738 3797 847 3840 amore
864 3776 927 3840 Dei
944 3777 1072 3861 perfeci,
1088 3788 1126 3842 ut
1146 3780 1303 3843 decimam
1320 3804 1392 3864 par-

288 3885 355 3941 tem
375 3886 534 3941 terrarum
553 3898 610 3960 per
623 3898 760 3960 regnum
780 3887 929 3943 nostrum
947 3902 1014 3944 non
1031 3882 1136 3945 solum
1156 3883 1276 3947 sanctis
1292 3884 1392 3948 eccle·

289 3980 344 4043 siis
362 3978 448 4059 dare,
471 4001 582 4043 verum
601 3980 703 4043 eciam
721 3988 755 4044 et
775 3982 933 4046 ministris
952 3984 986 4045 in
1011 3985 1132 4048 eisdem
1155 3986 1341 4050 constitutis
1358 3988 1393 4051 in

287 4090 475 4166 perpetuam
489 4082 672 4147 libertatem
686 4084 805 4148 habere
818 4086 1044 4165 concessimus,
1061 4087 1108 4151 ita
1121 4096 1159 4151 ut
1173 4088 1247 4152 talis
1258 4090 1394 4157 donacio

288 4188 351 4249 fixa
364 4185 700 4269 incommutabilisque
715 4197 910 4270 permaneat,
926 4188 966 4252 ab
982 4190 1070 4252 omni
1083 4190 1186 4273 regali
1200 4192 1344 4271 servicio,
1360 4203 1394 4258 ct

323 4329 330 4358 ¹
350 4324 417 4379 This
431 4327 484 4379 and
499 4326 545 4379 the
562 4326 638 4379 three
652 4325 794 4397 following
808 4326 928 4379 charters
942 4344 988 4379 are
1005 4326 1041 4380 all
1058 4328 1118 4381 that
1135 4346 1179 4382 are
1194 4329 1295 4383 known
1311 4336 1341 4385 to
1359 4331 1392 4386 be
1479 4307 1482 4313 Ι

284 4416 379 4466 extant
391 4412 421 4465 of
430 4411 618 4467 AEthelwulf's
629 4413 731 4467 cession
741 4414 772 4467 of
780 4430 797 4465 a
808 4414 887 4467 tenth
897 4413 927 4466 of
936 4414 979 4467 his
987 4414 1072 4468 lands.
