3234 5125
494 413 814 472 MISGELLANEOUS
832 417 1045 474 CHARTERS.
1276 418 1326 470 lll

222 580 404 646 Indictione
423 591 458 662 ι’,
477 583 529 649 die
547 606 621 649 vero
636 585 792 664 Paschali‚
812 588 847 650 in
864 589 984 672 palatio
1003 598 1115 654 nostro
1133 590 1189 673 qui
1211 590 1329 654 dicitur

221 684 367 768 Wylton.

263 789 362 852 Terra
379 797 488 854 autem
506 789 570 854 ista
586 813 684 874 quam
703 790 738 855 in
757 792 908 858 libertate
922 816 1082 879 ponamus
1100 796 1141 862 ad
1161 795 1327 862 ecclesiam

221 892 436 974 pertinentem
450 901 484 957 at
498 892 731 978 Malmesburg.

267 995 327 1079 per
352 994 380 1060 is
404 1000 459 1082 pat
484 1004 568 1060 erest
591 1005 625 1060 at
644 997 748 1081 Pirig·
844 999 948 1064 There
967 1001 996 1064 is
1018 1002 1075 1066 the
1096 1002 1168 1065 first
1187 1009 1221 1065 at
1241 1003 1324 1066 Pur-

222 1102 313 1160 tune·
345 1097 422 1180 fif]
453 1097 566 1188 prittig
591 1098 688 1184 hyde·
716 1107 750 1164 at
798 1107 857 1164 ton
874 1103 935 1166 five
955 1103 1019 1166 and
1033 1103 1134 1187 thirty
1152 1103 1263 1180 hides3
1290 1111 1324 1166 at

224 1201 352 1265 Cwaoot
367 1200 490 1266 fifticne
505 1201 602 1288 hyde·
615 1212 649 1267 at
664 1203 751 1266 Sut-
799 1203 949 1269 Quaoket
985 1205 1095 1270 fifteen
1131 1205 1241 1284 hides;
1291 1213 1325 1269 at

225 1311 303 1368 tune
332 1303 380 1368 fif·
406 1313 440 1368 at
464 1305 692 1370 Corsaburnan
715 1307 754 1370 fif
799 1308 919 1370 Sutton
947 1309 1029 1388 frve3
1062 1317 1096 1372 at
1120 1308 1325 1372 Corsbourne

222 1405 319 1491 hyda·
353 1415 388 1471 at
416 1408 652 1493 Criddanwyllc
680 1409 749 1473 tien
797 1410 858 1472 five
886 1409 996 1488 hides;
1028 1419 1063 1475 at
1093 1411 1244 1476 Cridwell
1269 1420 1326 1476 ten

222 1509 321 1594 hyda·
347 1520 382 1574 at
405 1511 535 1576 Cemele
560 1512 628 1575 tien
647 1512 745 1596 hyde·
797 1511 907 1591 hides3
931 1520 966 1576 at
985 1514 1123 1579 Kemble
1141 1523 1197 1578 ten
1215 1514 1324 1591 hidea3

223 1621 256 1677 at
288 1615 516 1699 Domeooesige
541 1615 653 1702 liridde
680 1615 752 1680 half
798 1623 832 1678 at
846 1615 1015 1702 Dauntse)⁷
1031 1625 1095 1681 two
1116 1617 1208 1681 hides
1227 1617 1291 1681 and
1306 1639 1326 1680 a

224 1716 341 1782 hiwisc.
797 1718 875 1783 half.

265 1819 331 1886 Qui
346 1827 455 1884 autem
470 1822 731 1905 augerevoluerit
745 1831 855 1886 nostre
864 1821 1072 1887 donationem
1087 1823 1327 1902 satisfactionis,

223 1932 337 2008 augeat
359 1924 562 2008 omnipotens
584 1926 674 1989 Deus
696 1925 763 1989 dies
785 1926 854 2009 ejus
873 1945 1051 2010 prosperos.
1098 1927 1135 1989 Si
1155 1947 1231 1991 vero
1256 1926 1327 2009 quis

220 2027 365 2092 minuere
379 2027 430 2091 vel
444 2028 615 2092 immutare
629 2029 878 2111 praesumpserit,
894 2029 1019 2092 noverit
1037 2049 1072 2091 se
1092 2036 1167 2093 ante
1183 2029 1326 2094 tribunal

221 2130 344 2195 Christi
363 2130 563 2194 redditurum
585 2132 754 2212 rationem,
776 2131 840 2195 nisi
862 2131 950 2216 prius
973 2131 1192 2196 satisfactione
1215 2154 1324 2197 emen·

222 2233 354 2298 daverit.

264 2335 421 2424 Aepelwlf
445 2359 511 2402 rex.
570 2337 704 2401 Aelstau
734 2338 910 2422 episcopua.
972 2337 1121 2401 Swithun
1146 2339 1322 2422 episcopus.

221 2441 337 2504 Osrich
352 2441 424 2504 dux.
462 2439 591 2504 Eanwlf
601 2441 676 2505 dux.
719 2440 896 2506 Athelbold
911 2441 986 2504 dux.
1024 2441 1158 2524 Lulling
1167 2441 1325 2506 minister.

222 2543 348 2610 Uuerfd
377 2543 484 2608 abbas.
539 2544 675 2609 Ulfhere
700 2543 775 2608 dux.
830 2543 934 2629 Cyma
964 2542 1122 2607 minister.
1168 2543 1325 2632 Aepelred

220 2647 377 2712 minister.
423 2647 557 2711 Lullede
584 2648 658 2711 dux.
702 2646 834 2711 Eanwlf
852 2646 927 2709 dux.
978 2645 1146 2728 Ecgheard
1170 2647 1325 2709 minister.

221 2752 312 2837 Cyne
326 2750 482 2814 minister.
528 2748 805 2815 Aethelbertdux.
851 2748 988 2812 Aelstan
1001 2748 1159 2810 minister.
1202 2748 1331 2833 Cupwlf

216 2854 377 2933 minister.
402 2853 618 2918 Ulflafabbas.
644 2851 818 2915 Eanmund
828 2851 985 2913 minister.
1010 2850 1158 2914 Osmund
1168 2849 1324 2913 minister.

220 2957 369 3042 Cynewlf
393 2956 550 3020 minister.
610 2953 780 3039 Nipmund
809 2953 968 3017 minister.
1021 2952 1142 3017 Milrcd
1168 2952 1324 3016 minister.

220 3060 342 3125 Milred
356 3059 513 3124 minister.
559 3058 673 3123 Ulfred
685 3057 842 3122 minister.
888 3056 1011 3120 Aldred
1026 3056 1183 3127 minister.

385 3428 483 3484 KING
501 3428 765 3483 AETHELWULF.
802 3427 890 3482 NOV.
909 3429 969 3481 tra
987 3427 1155 3483 DOCOLV.

264 3579 304 3658 ᾖ
322 3576 491 3660 Regnante
502 3574 644 3639 Domino
653 3582 764 3638 nostro
779 3572 814 3636 in
828 3582 1030 3657 perpetuum.
1062 3574 1151 3637 Dum
1162 3573 1198 3637 in
1208 3575 1328 3637 nostris

219 3679 417 3763 temmribus
432 3678 590 3743 bellorum
604 3676 753 3741 incendia
768 3684 800 3740 et
809 3677 1006 3760 direptiones
1020 3698 1118 3760 opum
1133 3685 1327 3754 nostrarum,

218 3804 345 3847 necnon
368 3791 401 3846 et
426 3782 621 3846 vastantium
646 3780 883 3843 crudelissimas
912 3779 1056 3843 hostium
1077 3779 1328 3863 ‹lepraedationcs

219 3886 439 3963 barbarorum,
470 3905 730 3967 paganarumque
763 3881 935 3945 nationum
969 3882 1164 3966 multiplices
1193 3882 1327 3945 tribula-

219 3989 334 4067 tiones,
350 3986 391 4051 ad
414 3986 620 4069 affligendum
639 4008 698 4049 noa
719 4006 777 4069 pro
796 3985 937 4069 peccatis
957 3985 1076 4049 nostris
1094 4006 1198 4068 usque
1218 3985 1259 4047 ad
1277 3985 1326 4046 in-

219 4090 447 4167 ternecionem,
459 4097 605 4173 tempora
620 4089 781 4153 cernimus
790 4088 976 4153 incumbere
984 4088 1172 4172 periculosa.
1205 4088 1327 4154 Quam-

218 4194 329 4258 obrem
345 4215 405 4277 ego
420 4193 664 4275 Ethelwulphus
679 4214 735 4257 rer
745 4194 1006 4270 westsaxonum,
1022 4214 1095 4255 cum
1112 4192 1247 4255 consilio
1261 4194 1327 4276 epi-

219 4318 389 4381 scoporum
401 4316 438 4359 ac
455 4296 637 4379 principum
647 4317 804 4373 meorum,
815 4296 987 4359 consilium
1002 4294 1129 4359 salubre
1144 4302 1241 4378 atque
1256 4296 1327 4357 uni-

221 4400 322 4464 forme
351 4398 529 4463 remedium
554 4398 749 4463 affirmantes
775 4398 1007 4475 consensimus,
1028 4404 1066 4460 ut
1089 4398 1230 4481 aliquam
1253 4419 1326 4481 por·
