3234 5125
292 395 325 448 72
556 397 877 453 MISGELLANEOUS
898 395 1113 450 CHAR'l'ERS.

292 566 394 629 mund
408 567 573 651 presbiter.
619 573 659 651 ›1‹
678 569 867 634 Heahferhd
881 567 1044 632 diaconus.
1090 566 1130 648 ᾧ
1146 560 1312 646 Wighelm
1326 560 1394 623 dia·

294 689 404 733 conus.
450 674 490 752 ›1‹
506 671 692 756 Cyneberht
706 672 868 736 diaconus.

295 769 363 834 mid
374 772 454 836 allra
464 773 579 837 oherra
590 775 711 859 priosta
721 774 825 838 butan
867 772 961 836 With
990 770 1034 834 all
1063 770 1119 833 the
1148 768 1243 832 other
1265 766 1393 849 priests,

294 873 419 938 ‘dissum
443 878 725 960 maessepriostum·
752 875 824 942 efen
864 881 976 958 except
986 872 1078 937 these
1089 870 1317 953 mass-priests,
1323 867 1393 951 just

295 997 347 1040 Lx.
864 999 915 1042 nx.

494 1414 743 1470 ARCHBISHOP
761 1414 962 1468 WULFRED.
1000 1411 1198 1482 DCCOXXV.

341 1560 381 1638 ›1‹
398 1559 439 1622 In
460 1560 592 1624 nomine
618 1562 761 1625 Domini.
829 1563 926 1624 Anno
954 1561 995 1624 ab
1023 1560 1244 1624 incarnatione
1272 1559 1394 1623 Christi

298 1679 475 1741 ccccm„
499 1661 680 1728 Indictione
706 1664 813 1742 tertia,
837 1685 923 1727 anno
948 1663 1088 1727 secundo
1110 1663 1203 1746 regni
1228 1662 1394 1725 Beornulli

296 1762 380 1844 regis
398 1763 606 1844 Merciorum,
629 1765 770 1850 synodus
790 1766 854 1829 fuit
876 1765 917 1830 ad
940 1765 1181 1850 Clobe[s]ham,
1204 1765 1394 1849 praesidente

296 1865 532 1951 archiepiscopo
560 1867 746 1946 Wulfredo;
777 1878 851 1952 post
879 1876 1017 1932 mortem
1042 1889 1117 1932 vero
1143 1868 1281 1932 Coenulfi
1309 1868 1395 1950 regis

296 1966 493 2033 Merciorum
522 1969 625 2034 multe
654 1970 811 2036 discordie
840 1978 873 2035 et
902 1970 1150 2035 innumerabiles
1186 1970 1395 2034 dissonantiae

295 2070 532 2136 extollebantur
546 2082 657 2138 contra
671 2073 922 2158 uniuscujusque
936 2072 1161 2157 principalium
1174 2095 1393 2156 personarum,

294 2193 418 2256 regum,
434 2181 467 2238 et
496 2176 729 2260 episcoporum,
753 2184 786 2240 et
807 2184 974 2260 pastorum
994 2175 1201 2240 ecclesiarum
1223 2174 1295 2255 Dei,
1317 2198 1394 2260 erga

294 2275 433 2357 plurima
450 2279 604 2342 secularia
621 2278 769 2360 negotia3
792 2278 841 2341 ita
861 2286 899 2341 ut
920 2278 1061 2342 multum
1079 2278 1247 2363 dispoliate
1266 2279 1394 2343 merant

293 2397 350 2459 per
373 2378 443 2442 loca
468 2380 592 2444 diversa
613 2380 744 2444 ecclesie
766 2381 897 2459 Christi,
920 2381 955 2443 in
976 2378 1081 2460 rebus,
1097 2381 1133 2444 in
1153 2381 1258 2460 terris,
1280 2382 1316 2444 in
1336 2382 1396 2444 tri·

296 2479 431 2562 butam
445 2483 594 2548 omnibus
610 2484 714 2548 causis
730 2528 1020 2548 ............
1031 2505 1069 2547 ea
1083 2484 1248 2569 episcopus
1259 2486 1393 2548 Austra-

295 2582 377 2648 lium
392 2588 556 2651 Saxonum
566 2588 742 2654 Coenredus
756 2588 862 2652 scierat
871 2586 1026 2671 spoliatus
1040 2586 1197 2676 dealiqua
1207 2596 1298 2672 parte
1309 2595 1394 2652 terre

294 2686 382 2751 illius
405 2710 478 2754 xxv.
501 2690 716 2774 ecclesieque
740 2691 899 2755 vocitatur
921 2690 1083 2768 Deanton,
1107 2690 1194 2774 quod
1216 2690 1393 2774 Plegheard

293 2790 391 2856 ahbas
406 2793 528 2858 dudum
543 2794 677 2858 tradidit
692 2794 731 2857 ad
747 2794 856 2858 sedem
875 2792 1085 2877 episcopalem
1100 2814 1162 2876 que
1176 2800 1225 2857 est
1239 2792 1275 2856 in
1290 2793 1394 2857 Sales·

294 2894 367 2978 egh,
386 2917 460 2960 cum
486 2916 617 2979 corpore
639 2918 708 2975 suo,
727 2896 814 2979 quod
837 2896 868 2959 ei
886 2916 943 2958 rex
963 2895 1037 2959 offa
1062 2905 1137 2959 ante
1160 2896 1394 2963 condonaverat

294 3007 327 3061 et
343 3000 573 3082 conscripserat
589 2998 628 3061 de
643 2998 821 3062 hereditate
835 2998 967 3061 ecclesie
982 2997 1281 3081 Bcdingehommes,
1298 2982 1394 3083 quam

295 3099 363 3182 ipse
377 3100 438 3164 sibi
454 3100 648 3183 adquisierat
663 3101 697 3162 in
712 3100 924 3164 hereditatem
943 3102 1114 3184 propriam.
1159 3102 1251 3166 'Iunc
1264 3102 1300 3165 in
1314 3124 1394 3186 prae·

296 3202 364 3265 fata
385 3202 507 3286 synodo
525 3203 706 3287 judicatum
729 3210 788 3281 est,
812 3210 849 3266 ut
870 3204 926 3267 ille
947 3204 1121 3287 episcopus,
1140 3225 1216 3267 cum
1236 3226 1395 3269 consensu

295 3311 329 3367 et
347 3305 492 3370 unanimi
511 3307 644 3370 oonsilio
661 3307 883 3391 episcoporum
900 3314 934 3370 et
953 3307 1106 3371 ahbatum
1127 3329 1185 3371 seu
1201 3308 1393 3392 principum,

294 3406 329 3469 in
341 3408 395 3490 jus
409 3408 574 3491 proprium
589 3409 728 3487 ecclesie,
745 3409 955 3473 hereditatem
970 3410 1039 3474 sine
1053 3410 1120 3474 ullo
1134 3409 1299 3474 obstaculo
1314 3412 1394 3475 aeci·

295 3510 382 3595 piat;
406 3511 490 3575 sicut
516 3520 548 3577 et
574 3521 649 3576 ante
674 3514 763 3597 prius
783 3521 818 3577 at
844 3513 1016 3597 Caelchy'de
1037 3513 1218 3598 judicatum
1241 3521 1289 3577 est
1310 3514 1395 3577 inter

295 3614 480 3677 Coenulfum
495 3636 604 3699 regem
618 3624 651 3679 et
660 3617 848 3680 Wehunnm
859 3615 899 3679 de
913 3617 1055 3699 ejusdem
1070 3624 1154 3680 terre
1165 3616 1394 3699 assumptione,

295 3738 402 3780 coram
425 3718 661 3802 archiepiscopo
677 3718 898 3797 AE'dilheardo,
920 3719 1018 3783 tertio
1035 3739 1120 3782 anno
1141 3719 1279 3782 Coenulfi
1298 3718 1392 3801 regis.

293 3821 338 3883 Et
364 3819 423 3885 heo
447 3828 519 3885 acta
544 3830 620 3885 sunt
642 3843 749 3885 coram
771 3821 860 3885 omni
883 3820 1019 3885 concilio
1041 3829 1074 3884 at
1096 3820 1299 3899 Olobeshom,
1320 3842 1395 3884 cum
1425 3902 1428 3905 ἦ

295 3944 452 3987 consensu
470 3932 504 3987 et
520 3922 652 3987 licentia
666 3924 750 4006 regis
768 3931 801 3987 et
821 3923 1001 4007 principum
1023 3931 1056 3986 et
1072 3923 1393 4007 archiepiscoporum,

294 4048 431 4111 quorum
445 4027 578 4090 nomina
592 4026 676 4089 infra
690 4035 897 4105 annotantur,
915 4034 948 4090 et
965 4047 1038 4090 cum
1060 4026 1152 4109 signo
1167 4033 1277 4091 sancte
1292 4026 1396 4090 crucis

294 4130 417 4196 Christi
431 4131 662 4214 impresserunt
677 4137 710 4194 et
724 4130 1004 4194 confirmaverunt.

338 4235 409 4317 Ego
424 4232 611 4298 wulfredus
633 4232 888 4316 archiepiscopus
907 4233 1037 4314 signum
1055 4232 1232 4296 Salvatoris
1248 4254 1306 4317 pro
1326 4238 1394 4295 aln-

294 4337 393 4419 pliore
405 4336 557 4401 firmitate
566 4335 731 4400 conscribo
743 4343 775 4399 et
784 4337 938 4400 confirmo
949 4335 1006 4398 has
1017 4336 1210 4399 testimonias
1219 4357 1330 4400 causas
1342 4339 1393 4417 vx«.
