3234 5125
468 443 789 500 MISOELLANEOUS
809 443 1023 498 CHARTERS
1255 443 1306 495 135

436 693 562 749 sKING
579 693 754 748 AELFRED.
792 691 1061 750 noceamus.

244 841 286 920 >1⁴
319 838 436 904 Sedulo
468 859 609 924 namque
632 842 807 920 nonnullis,
835 849 870 905 et
897 841 1037 905 maxime
1061 859 1120 923 per
1153 835 1305 902 instantis

200 941 275 1005 ritae
294 942 459 1007 turbidam
474 943 640 1009 discordiae
660 945 792 1024 rabiem,
808 944 844 1008 in
861 945 922 1010 hac
941 943 1105 1028 decrepita
1120 942 1195 1005 linis
1212 962 1305 1004 mun·

201 1043 294 1107 dialis
317 1045 445 1110 canitiae
468 1047 656 1130 contingere
685 1047 777 1126 solet,
801 1049 888 1132 qnod
910 1047 1088 1131 simplicem
1111 1043 1308 1110 memorialis

203 1147 369 1229 praecordii
392 1148 522 1212 oculum
544 1150 691 1215 turbines
713 1150 868 1216 oblivioso
896 1149 1105 1216 obscenitatis
1126 1147 1308 1233 quatientes

202 1250 418 1330 reverberant,
445 1273 503 1316 seu
525 1253 653 1318 nebulae
678 1253 957 1337 neglegendarum
981 1251 1139 1318 nubiferis
1163 1249 1308 1335 depriva-

202 1351 329 1416 tionum
360 1354 592 1420 firscationibus
623 1377 642 1420 a
670 1365 757 1421 recte
786 1356 995 1441 possessionis
1020 1357 1094 1441 jure
1126 1353 1308 1420 radiantem

199 1456 337 1540 justitiae
366 1457 533 1522 Phoebum
562 1458 754 1523 obnubilant
761 1485 771 1539 5
803 1467 998 1543 quapropter
1022 1477 1153 1523 necesse
1176 1453 1310 1521 cuilibet

204 1558 328 1622 homini
347 1567 407 1640 est,
422 1569 461 1624 ut
480 1561 682 1626 litteratoriis
701 1561 844 1646 apicibus
864 1562 975 1625 omnia
992 1561 1145 1645 atquisita
1162 1579 1220 1622 seu
1236 1577 1310 1642 pos·

202 1681 299 1738 sessa,
324 1661 366 1726 ob
394 1665 603 1746 praesentium
633 1664 698 1728 sive
727 1664 970 1728 succedentium
999 1663 1168 1741 cautelam,
1194 1681 1311 1744 quiea

204 1764 369 1828 catholicis
391 1766 442 1830 vel
459 1766 595 1852 heroicis
614 1769 691 1831 viris
711 1767 883 1852 cujuslibet
900 1787 1036 1850 persone
1053 1765 1185 1849 majoris
1203 1763 1309 1827 mina

204 1867 287 1932 risve
301 1870 479 1951 potestatis,
492 1873 563 1936 Deo
577 1871 710 1955 ejusque
725 1871 845 1936 sanctis
860 1891 918 1954 per
928 1871 1070 1935 celorum
1085 1867 1310 1934 celsitudinem

205 1971 324 2034 tradita
347 1981 433 2053 sunt,
454 1973 553 2038 etiam
571 1971 756 2038 testimonio
776 1982 809 2039 et
828 1973 1035 2038 roboratione
1051 1973 1195 2056 ipsorum
1217 1971 1310 2034 firme

206 2075 339 2139 rationis
357 2075 438 2141 serie
455 2078 634 2158 firmentur,
655 2085 807 2161 rectoque
825 2076 1006 2148 warantis
1025 2075 1101 2140 stilo
1118 2075 1155 2139 in
1173 2073 1311 2138 scedulis

204 2186 369 2243 notentur.
422 2182 520 2245 Anno
538 2181 638 2264 igitur
654 2189 826 2265 postquam
845 2180 985 2244 almifica
1004 2177 1160 2244 caelestini
1177 2175 1311 2240 luminis

205 2298 334 2363 gemma
354 2303 412 2365 per
432 2303 545 2366 agrum
568 2284 732 2367 virginalis
750 2283 914 2367 pudicitiae
937 2283 1079 2346 humano
1098 2280 1210 2364 generi
1228 2278 1310 2343 desi-

206 2383 355 2448 derabilis
370 2384 490 2450 mistici
505 2385 689 2469 spiraminis
707 2385 881 2470 specimine
899 2383 1027 2465 enituit,
1042 2382 1312 2468 octingentesimo

207 2485 425 2571 octuagesimo
447 2509 545 2568 nono,
561 2488 744 2554 Indictione
764 2509 837 2567 v11.‚
857 2489 951 2574 cujus
974 2486 1113 2571 denique
1135 2483 1313 2570 splendoris

206 2598 241 2653 et
256 2590 368 2673 gratiae
383 2591 476 2657 nobis
487 2592 603 2675 jubare
617 2592 773 2670 radiante,
790 2612 850 2675 ego
865 2590 991 2655 AElfisd
1010 2610 1067 2654 rex
1081 2588 1264 2672 Anglorum
1279 2596 1312 2650 et

207 2694 382 2772 Saxonum,
404 2702 438 2759 et
463 2692 618 2759 AE'oelred
647 2694 840 2777 subregulus
864 2700 897 2758 et
927 2692 1080 2776 patricius
1101 2691 1311 2768 Marciorum,

207 2816 281 2859 cum
307 2797 493 2861 testimonio
515 2806 548 2861 et
569 2798 701 2863 licentia
722 2818 780 2861 sen
801 2816 960 2861 consensu
978 2803 1173 2872 senatorum,
1192 2794 1313 2876 episco-

207 2920 322 2982 porum
337 2920 395 2963 seu
408 2900 528 2965 ducum
542 2900 712 2984 utriusque
723 2900 841 2983 gentis,
853 2920 912 2982 pro
925 2896 1119 2962 revelatione
1133 2896 1313 2962 facinorum

208 3008 452 3081 nostrorumst
470 3024 528 3087 pro
550 3002 749 3087 adquirenda
766 3002 878 3066 deifice
894 3000 1164 3066 remunerationis
1183 3000 1313 3083 requiae,

210 3106 406 3185 Ualerii-ido,
422 3104 540 3169 eximio
557 3105 768 3171 Huicciorum
787 3104 937 3183 antistiti,
953 3103 993 3167 ad
1011 3102 1188 3169 aecclesiam
1203 3102 1313 3166 Uueo-

209 3228 409 3290 genuensem,
440 3208 473 3271 in
500 3208 673 3272 Lundonia
696 3228 793 3271 unam
816 3216 952 3285 curtem,
974 3226 1037 3290 qne
1058 3204 1251 3270 verbotenus
1273 3204 1314 3269 ad

211 3312 381 3395 antiquum
399 3319 563 3394 petrosum
578 3310 761 3389 aedificium,
777 3310 812 3373 id
828 3318 888 3388 est,
904 3316 946 3374 set
962 3308 1204 3373 Hwoetmundes
1223 3315 1314 3371 stane

210 3433 230 3476 a
244 3413 367 3478 civibus
384 3413 551 3497 apellatur,
568 3420 702 3477 astrata
716 3412 846 3496 publica
859 3433 961 3495 nsque
976 3410 1011 3473 in
1025 3433 1155 3475 murum
1170 3411 1314 3494 ejusdem

210 3516 359 3595 civitatis,
375 3516 467 3601 cujus
488 3516 658 3600 longitudo
678 3522 728 3579 est
750 3514 946 3598 perticarum
962 3535 1064 3592 xxva,
1080 3522 1114 3577 et
1128 3512 1265 3578 latitudo
1279 3513 1315 3575 in

210 3619 366 3703 superiori
382 3626 474 3703 parte
494 3620 689 3703 perticarum
704 3638 779 3681 xnr.
795 3624 830 3681 et
842 3616 963 3701 pedum
976 3636 1051 3694 vn,
1067 3623 1101 3680 et
1116 3617 1153 3679 in
1169 3616 1315 3680 inferiori

211 3721 281 3785 loco
297 3720 493 3807 perticarum
509 3727 607 3787 xnet
621 3742 667 3784 vr.
684 3720 814 3803 pedum,
826 3717 867 3783 ad
884 3719 1013 3803 plenam
1029 3718 1214 3783 libertatem
1232 3719 1316 3782 infra

211 3824 312 3888 totius
334 3824 381 3887 rei
399 3822 670 3907 sempiternaliter
689 3821 929 3907 possidendum,
945 3822 980 3885 in
995 3821 1246 3887 ecclesiasticum
1260 3824 1316 3905 jus

212 3926 453 4004 conscribimus,
478 3934 512 3990 et
537 3925 749 3991 concedentes
771 3925 928 3990 donamus
939 3951 949 4002 ;
978 3933 1013 3990 et
1036 3925 1122 3989 intro
1143 3945 1260 3987 urnam
1282 3931 1317 3987 et

211 4030 379 4107 trutinam,
390 4028 431 4091 ad
441 4026 693 4092 mensurandum
707 4028 742 4090 in
756 4026 892 4092 emendo
903 4027 970 4091 sive
980 4026 1147 4091 vendendo
1159 4026 1198 4089 ad
1209 4046 1316 4105 risum,

212 4132 277 4197 sive
292 4131 332 4195 ad
347 4132 573 4197 necessitatem
592 4131 753 4215 propriam
768 4139 801 4193 et
815 4130 951 4194 liberam
970 4129 1164 4193 omnimodis
1180 4128 1297 4192 habeat
1305 4152 1316 4206 3

211 4237 244 4295 et
272 4230 373 4295 totius
403 4230 505 4295 debiti
530 4229 581 4293 vel
610 4250 691 4313 pene
720 4229 848 4307 fiscalis,
878 4228 928 4292 vel
953 4227 1081 4312 publice
1104 4228 1161 4306 rei,
1184 4226 1247 4290 nisi
1276 4226 1317 4292 ad

211 4334 390 4399 dominium
416 4332 558 4417 episcopi
584 4331 722 4396 ecclesie·
744 4330 1007 4413 Uueogernensis
1029 4351 1101 4413 quoe
1126 4331 1215 4393 intus
1240 4351 1318 4393 con·

211 4439 327 4522 tingat,
343 4437 490 4502 absoluta
504 4436 666 4519 persistat.
714 4435 750 4499 Si
771 4443 880 4499 autem
902 4434 982 4498 foris
997 4434 1046 4497 vel
1065 4434 1099 4497 iu
1118 4441 1219 4497 strata
1236 4435 1316 4518 pub·
