3234 5125
290 388 344 442 866
570 382 891 440 MISOELLANEOUS
909 380 1122 437 culmus

290 579 357 636 rex,
374 556 507 622 consilio
533 556 677 621 imbutus
697 556 782 621 bone
795 553 983 634 voluntatis,
1004 551 1157 636 quoniam
1171 548 1335 635 provisum
1350 556 1399 612 est

292 660 402 739 michi,
418 659 595 725 secundum
619 658 706 743 quod
729 656 915 742 praecipitur
934 656 969 719 in
992 654 1109 719 divims
1128 652 1276 729 decretis,
1290 650 1400 715 cathe-

292 763 383 826 dram
398 762 616 846 pontificalem
632 760 833 825 consolidare
843 759 978 823 Exoniae
993 757 1143 834 civitatis,
1155 756 1191 819 in
1204 753 1401 819 monasterio

292 864 380 929 beati
394 865 483 929 Petri
498 863 714 947 apostolorum
734 861 900 946 principis,
916 860 1002 943 quod
1016 867 1066 923 est
1080 860 1180 922 situm
1193 856 1279 920 infra
1291 855 1400 919 menia

293 966 438 1050 ejusdem
463 965 563 1043 urbis,
590 965 783 1028 auctoritate
815 963 944 1047 superni
974 960 1074 1043 Regis
1095 980 1239 1043 meaque,
1266 978 1398 1040 meoque

293 1068 440 1152 conjugis
469 1066 624 1151 Esdgyde
650 1088 688 1130 ac
716 1066 940 1130 universorum
968 1064 1189 1148 episcoporum
1218 1062 1400 1143 ducumque

293 1191 450 1247 meorum,
474 1190 531 1252 per
557 1168 618 1233 hoc
641 1168 847 1251 privilegium
874 1166 1062 1231 testamenti
1092 1174 1188 1247 utque
1216 1163 1399 1227 cautionem

294 1271 484 1357 cyrographi
508 1271 543 1333 in
569 1278 725 1355 perpetuo
750 1278 896 1353 tempore
923 1270 1103 1333 constituto
1124 1266 1283 1352 presulem
1305 1264 1400 1329 Leos-

295 1374 410 1452 ricmn,
432 1381 471 1436 ut
496 1372 540 1435 sit
564 1370 792 1455 ibi-pontifex,
813 1379 847 1435 et
869 1380 944 1455 post
966 1371 1059 1434 illum
1082 1370 1180 1433 ceteri
1203 1368 1336 1432 affuturi
1361 1366 1402 1429 ad

294 1477 423 1541 laudem
447 1483 481 1539 et
503 1474 638 1557 gloriam
659 1482 779 1539 sanctie
801 1481 834 1537 et
855 1473 1021 1537 individue
1034 1471 1214 1549 lhinitatis,
1233 1470 1349 1547 Patris,
1367 1476 1402 1532 et

295 1578 382 1657 Filii,
397 1586 432 1642 et
448 1577 589 1661 Spiritus
603 1578 724 1655 Sancti,
741 1584 775 1641 et
790 1576 831 1639 ad
845 1576 1001 1639 honorem
1023 1574 1135 1638 Sancti
1149 1574 1238 1637 Petri
1255 1571 1400 1656 apostoli.

296 1682 393 1745 Dono
407 1680 506 1744 etiam
520 1679 737 1763 possessiones
751 1700 864 1743 omnes
879 1678 920 1741 ad
931 1675 1069 1741 eundem
1082 1676 1191 1740 locum
1205 1675 1403 1758 pertinentes

297 1800 499 1865 quecumque
522 1782 598 1858 sint,
623 1788 690 1843 tam
720 1780 755 1844 in
784 1779 924 1856 ruribus,
948 1800 1046 1863 quam
1070 1778 1105 1841 iu
1134 1777 1270 1862 pascuis,
1290 1776 1400 1859 pratis,

297 1883 396 1960 silvis,
413 1882 515 1966 aquis,
531 1881 651 1959 liberis,
668 1881 776 1959 servis,
793 1881 927 1958 ancillis,
940 1879 1076 1963 legibus,
1091 1900 1199 1957 censu,
1214 1879 1315 1963 pagis,
1330 1879 1402 1942 Deo

298 1986 480 2067 Sanctoque
496 1985 593 2048 Petro
613 1982 833 2066 fratribusque
854 1983 1017 2048 canonicis
1038 1983 1085 2046 ibi
1107 1981 1348 2059 famulantibus,
1363 1989 1402 2044 ut

295 2086 437 2151 habeant
463 2085 585 2169 jugiter
613 2085 791 2149 subsidium
816 2085 976 2149 hubesum
1005 2084 1157 2169 corporis,
1183 2105 1248 2167 quo
1276 2084 1402 2147 valeant

296 2188 429 2253 Christo
443 2186 594 2265 militare,
607 2188 677 2251 sine
688 2188 754 2251 ulla
769 2188 917 2252 molestia
931 2186 1041 2251 animi.
1081 2188 1154 2251 Hoc
1165 2194 1276 2251 tamen
1286 2194 1401 2249 notum

296 2311 377 2374 pepe
408 2289 540 2353 domino
569 2289 717 2372 inprimis
750 2290 853 2354 Leoni
883 2290 976 2368 facio,
1003 2289 1166 2373 ipsiusque
1195 2289 1402 2353 attestatione

296 2394 462 2471 confirmo,
481 2392 694 2475 deincepsque
717 2393 843 2457 cunctis
866 2392 1048 2475 Anglorum
1077 2391 1292 2475 magnatibus,
1316 2391 1404 2475 quod

296 2496 552 2559 Cornubieusem
568 2494 732 2575 diocesim,
747 2516 810 2578 que
825 2494 903 2557 olim
918 2494 954 2557 in
968 2494 1055 2558 beati
1067 2495 1223 2558 Germani
1237 2492 1400 2573 memorie,

296 2608 392 2682 atque
417 2597 544 2662 Petroci
568 2598 774 2661 veneratione
799 2596 972 2680 episcopali
995 2597 1076 2660 solio
1101 2598 1264 2681 assignata
1286 2597 1401 2676 suerat,

295 2701 399 2784 ipsam
423 2721 497 2764 cum
519 2699 669 2765 omnibus
689 2699 750 2762 sibi
770 2698 991 2783 adjacentibus
1005 2700 1175 2782 parochiis,
1187 2699 1401 2780 terris„villis,

295 2802 419 2885 opibus,
451 2801 624 2879 beneficiis,
654 2803 773 2865 Sancto
799 2802 898 2865 Petro
926 2801 962 2864 in
985 2803 1111 2865 Exonia
1139 2801 1268 2866 civitate
1296 2802 1400 2880 uado,

296 2905 428 2982 scilicet,
443 2911 482 2967 ut
499 2925 565 2967 una
580 2903 623 2966 sit
638 2903 727 2966 sedes
748 2903 946 2988 episcopalis,
962 2926 1128 2988 unumque
1142 2905 1353 2989 pontificium,
1368 2912 1403 2968 et

296 3028 363 3070 una
388 3005 611 3070 ecclesiastiea
629 3005 749 3088 regula,
771 3015 903 3091 propter
922 3007 1118 3092 paucitatem
1144 3015 1240 3090 atque
1259 3007 1403 3072 devasta-

296 3109 419 3173 tionem
438 3107 597 3171 bonorum
615 3114 648 3170 et
666 3108 869 3192 populorum,
887 3109 1041 3194 quoniam
1063 3110 1189 3194 piratici
1204 3111 1402 3175 Comubien-

296 3232 365 3274 sem
389 3231 426 3274 ac
447 3209 715 3293 Cryditonensem
739 3211 887 3275 ecclesias
911 3211 1075 3276 devastare
1094 3220 1262 3296 poterant3
1287 3235 1323 3277 ac
1344 3235 1402 3297 per

296 3312 357 3376 hoc
372 3311 407 3374 in
423 3311 552 3376 civitate
566 3312 701 3376 Exoniae
716 3313 873 3377 tuciorem
890 3315 1106 3378 munitionem
1127 3315 1277 3379 adversus
1294 3316 1403 3380 hostes

294 3414 413 3478 hebere
429 3413 533 3477 visum
556 3421 614 3492 est,
631 3422 664 3478 et
689 3415 761 3480 ideo
787 3415 833 3479 ibi
852 3416 960 3481 sedem
986 3438 1055 3480 esse
1078 3416 1160 3482 volo.
1208 3419 1281 3482 Hoc
1298 3426 1402 3482 estut

295 3515 461 3580 Cornubia
476 3536 550 3578 cum
565 3516 631 3579 suis
647 3517 788 3582 ecelesiis
803 3518 991 3581 etDevonia
1005 3540 1079 3583 cum
1095 3519 1161 3582 suis
1175 3520 1271 3583 simul
1286 3521 1321 3583 in
1335 3542 1402 3584 nno

294 3618 481 3704 episcopatu
504 3616 580 3696 sint,
603 3625 637 3682 et
660 3619 701 3682 ab
724 3641 791 3684 uno
814 3620 963 3704 episcopo
986 3628 1150 3704 regantur.
1205 3623 1321 3706 Itaque
1341 3624 1403 3687 hoe

294 3719 499 3803 privilegium
515 3740 575 3803 ego
584 3720 854 3795 Esdwardusrex
867 3744 968 3786 manu
982 3745 1055 3788 mee
1069 3746 1165 3808 super
1179 3725 1281 3789 altare
1293 3726 1403 3791 Sancti

295 3823 384 3888 Petri
409 3844 505 3905 pono,
520 3829 555 3886 et
576 3823 735 3906 presulem
756 3824 941 3888 Leofn'cum
965 3848 1022 3909 per
1045 3827 1213 3891 dexterum
1235 3826 1403 3892 brachium

294 3925 424 4004 ducens,
440 3946 576 4007 meaque
599 3925 710 4008 regina
730 3926 887 4011 Esdgyda
911 3948 968 4012 per
992 3927 1170 4008 sinistrum,
1193 3929 1228 3992 in
1252 3930 1405 3995 cathedra

295 4027 466 4110 episcopali
481 4027 632 4106 consisto,
642 4029 844 4111 presentibus
858 4031 939 4093 meis
954 4031 1089 4095 ducibus
1104 4042 1137 4096 et
1147 4033 1403 4116 consanguineis,

295 4130 456 4195 nobilibus
478 4151 606 4194 necnon
629 4131 812 4213 capellanis,
828 4140 862 4196 et
884 4134 1117 4199 affirmantibus
1134 4134 1405 4220 laudantibusque

295 4232 540 4316 archiepiscopis
555 4233 699 4298 Eadsino
721 4242 754 4298 et
775 4235 917 4314 Alerico,
933 4258 1007 4300 cum
1031 4239 1148 4302 ceteris
1168 4239 1250 4318 aliis,
1266 4261 1404 4323 quorum

293 4335 425 4398 nomina
448 4335 670 4398 describentur
684 4336 719 4399 in
739 4345 827 4401 meta
844 4338 941 4420 hujus
964 4341 1134 4404 cautionis.
1180 4343 1355 4407 Enimvero
1377 4345 1405 4406 si
