3234 5125
476 437 796 495 Mmounmnuous
816 438 1028 495 CHARTERS.
1252 434 1303 491 los

202 606 278 690 tigit
298 608 442 672 servulis.
488 610 579 673 Hinc
596 631 658 692 ego
676 609 820 692 Eadwig,
845 609 1011 673 Altitrono
1031 608 1303 685 amminiculante,

202 711 384 794 Anglcrum
407 722 650 797 ceterarumque
672 713 819 796 gentium
843 713 877 776 in
899 712 1037 776 circuitu
1059 711 1214 775 triviatim
1233 731 1304 794 per-

202 814 387 879 sistentium
406 816 556 894 basileus,
572 825 609 880 ut
629 817 726 901 hujus
742 815 902 879 libertatis
917 814 1074 879 Altitroni
1090 813 1305 877 Moderatoris

202 916 375 981 clementia
398 939 524 982 merear
539 920 685 1002 optinere
702 918 910 996 consortium,
935 916 1068 981 cenobio
1086 918 1157 981 loco
1177 915 1305 993 celebri,

204 1020 259 1103 qui
280 1020 320 1084 ab
340 1020 437 1105 hujus
450 1022 596 1105 prosapie
613 1020 751 1085 solicolis
766 1020 965 1084 AEbbandun
983 1019 1084 1083 nobili
1104 1026 1308 1101 nuncupetur

203 1122 357 1187 vocabulo
380 1123 491 1202 situm,
514 1124 727 1207 genitricique
749 1123 883 1186 Domini
912 1121 1014 1185 nostri
1043 1141 1169 1204 semper
1190 1120 1307 1203 virgini

204 1224 321 1303 Marie,
350 1246 477 1289 necnon
504 1226 602 1290 beato
630 1226 728 1289 Petro
758 1225 977 1308 apostolorum
1005 1223 1152 1306 principi,
1176 1224 1308 1306 ejusque

204 1327 386 1409 coapostolo
415 1328 518 1393 Paulo
547 1327 730 1391 dedicatum
755 1327 903 1405 habetur,
932 1324 1097 1390 monachis
1118 1326 1309 1407 regulariter

205 1426 395 1511 degentibus
417 1430 588 1507 monastici
609 1438 755 1493 eternam
777 1428 935 1512 privilegii
957 1427 1097 1492 concedo
1114 1426 1306 1504 libertatern,

204 1538 363 1613 quatenus
387 1539 461 1615 post
483 1532 647 1596 decessum
670 1530 881 1595 AEbeluuoldi
906 1529 1030 1594 abbatis
1060 1530 1190 1613 egregii,
1205 1532 1309 1613 *cujus

204 1632 402 1716 temporibus
419 1634 479 1698 hec
492 1634 650 1698 libertatis
661 1634 863 1711 restauratio,
874 1632 1003 1697 Christo
1018 1632 1224 1715 suffragante,
1234 1653 1309 1695 con-

206 1755 294 1798 cessa
307 1744 367 1813 est,
383 1757 480 1818 quem
495 1736 556 1800 sibi
574 1736 723 1799 universa
735 1735 861 1819 prefati
876 1734 1002 1799 cenobii
1016 1734 1221 1817 congregatio
1235 1741 1310 1817 apto

207 1836 338 1920 elegerit
361 1839 503 1917 consilio,
530 1824 707 1903 secundum
729 1838 890 1921 regularia
911 1836 997 1901 beati
1023 1836 1193 1901 Benedicti
1215 1836 1309 1899 insti·

206 1947 289 2017 tuta,
300 1939 449 2004 abbatem
454 1941 543 2024 juste
554 1962 594 2005 ex
605 1940 718 2005 eodem
729 1940 865 2003 fratrum
874 1960 977 2004 cuneo
992 1940 1113 2023 eligens
1125 1939 1310 2004 constituat.

209 2043 318 2126 Hujus
332 2042 492 2125 privilegii
505 2043 637 2107 libertas
651 2042 801 2126 deinceps
811 2064 873 2106 risu
882 2050 1039 2125 perpetuo
1053 2042 1208 2106 acunctis
1219 2049 1310 2105 tene·

208 2152 282 2209 atur
306 2144 483 2224 catholicis,
505 2168 564 2211 nec
586 2154 811 2211 extraneorum
834 2146 1002 2230 quispiam,
1027 2144 1187 2209 tirannica
1209 2144 1311 2208 fretus

209 2250 417 2328 contumatia,
447 2249 482 2311 in
510 2249 663 2333 praedicto
692 2248 887 2313 monasterio
910 2248 964 2332 jus
990 2247 1144 2331 arripiens
1166 2255 1312 2311 exerceat

209 2351 396 2434 potestatis3
427 2351 484 2415 sed
500 2351 644 2435 ejusdem
661 2350 788 2415 cenobii
805 2350 977 2432 collegium
996 2356 1214 2433 perpetuant
1230 2370 1310 2433 prae·

209 2451 284 2531 dixi,
300 2452 457 2517 libertatis
476 2453 632 2537 glorietur
645 2452 822 2536 privilegio.
869 2453 920 2516 Sit
936 2460 1043 2517 autern
1058 2451 1227 2536 praefatum
1242 2472 1312 2515 mo-

209 2556 386 2621 nasterium
401 2557 490 2620 omni
500 2564 627 2621 terrene
638 2555 800 2621 servitutis
812 2553 926 2620 eodem
936 2563 1046 2619 tenore
1055 2554 1204 2632 liberum,
1216 2576 1279 2638 quo
1295 2577 1314 2618 a

209 2659 494 2743 predecessoribus
513 2659 632 2723 nostris
649 2657 825 2735 catholicis,
847 2679 866 2721 a
887 2665 998 2720 sancto
1018 2658 1137 2735 Leone,
1156 2656 1313 2733 videlicet,

210 2782 303 2844 papa,
312 2768 345 2824 et
354 2760 512 2824 Coenulfc
526 2781 602 2842 rege
617 2758 787 2836 catholico,
796 2764 924 2822 vetusto
939 2757 1123 2822 continetur
1136 2757 1313 2841 privilegio,

212 2861 365 2926 Rethuno
388 2861 503 2926 abbate
528 2862 704 2946 optinente,
730 2861 890 2925 solutum:
916 2860 986 2943 agri
1008 2859 1156 2943 equidem
1177 2859 1217 2924 ad
1237 2882 1313 2924 usus

211 2965 441 3028 monachorum
461 2964 601 3028 Domino
618 2971 732 3028 nostro
746 2965 768 3027 J
770 2965 850 3028 besu
865 2962 996 3028 Christo
1016 2963 1150 3047 ejusque
1166 2962 1315 3045 genitrici

212 3067 318 3131 Marie
335 3066 448 3150 priscis
466 3066 692 3149 modernisque
710 3067 910 3151 temporibus
925 3087 944 3129 a
957 3065 1088 3148 regibus
1106 3073 1140 3129 et
1157 3066 1314 3148 religiosis

212 3169 379 3251 utriusque
387 3190 480 3233 sexus
488 3168 682 3246 hominibus,
690 3169 883 3252 etameipsc
892 3189 1027 3252 meoque
1037 3167 1314 3251 patruoEadredO,

212 3290 288 3353 rege
307 3269 491 3334 fidelissimo
508 3269 707 3335 restituendo
722 3271 796 3354 jure
816 3269 958 3334 concessi
977 3277 1064 3347 sunt,
1083 3269 1227 3352 ejusdem
1244 3293 1315 3355 per-

213 3373 384 3456 petualiter
405 3373 469 3436 sint
490 3372 657 3436 libertatis.
702 3373 790 3435 Nam
815 3393 868 3435 rex
893 3371 1042 3455 praefatis
1062 3391 1118 3436 rus
1141 3373 1226 3456 quod
1247 3375 1315 3439 Ab·

212 3474 344 3538 bendun
358 3481 575 3558 nuncupatur,
591 3473 677 3557 quod
690 3493 746 3538 rex
760 3473 929 3538 Ceadwala
946 3473 1088 3540 Domino
1105 3483 1216 3540 nostro
1231 3476 1315 3560 ejus&

214 3600 277 3661 que
305 3578 454 3660 genitrici
483 3577 590 3642 Marie
614 3577 728 3660 priscis
752 3575 950 3660 temporibus
976 3577 1090 3642 devoto
1117 3587 1316 3645 concesserat

214 3681 333 3759 auimo,
348 3681 383 3746 in
399 3702 463 3764 quo
476 3681 722 3764 predecessores
739 3679 851 3758 nostri,
868 3679 1025 3744 diabolica
1039 3681 1164 3764 decepti
1179 3684 1318 3746 avaricia

214 3783 376 3847 edificium
390 3783 498 3865 regule
513 3781 575 3848 sibi
589 3783 709 3866 injuste
726 3789 973 3846 construxerant
990 3783 1130 3847 aecclesie
1146 3783 1208 3846 Dei
1222 3786 1315 3848 reati-

214 3893 318 3964 tuens,
334 3885 502 3950 interdixit
516 3892 554 3948 ut
568 3903 680 3966 regum
698 3905 794 3948 nemo
812 3883 893 3947 inibi
911 3891 1038 3967 pastum
1053 3885 1239 3967 requireret,
1256 3906 1316 3950 nec

213 3987 375 4050 edificium
388 3987 425 4049 in
439 3987 669 4070 sempiternum
684 3993 903 4062 construerem
924 3986 1010 4069 quod
1025 4007 1085 4069 ego
1099 3986 1231 4070 Eadwig
1245 3989 1315 4051 An-

213 4087 340 4171 glorum
355 4088 505 4167 basileus,
523 4089 718 4171 optimatum
735 4109 881 4152 meorum
899 4109 977 4152 usus
995 4088 1138 4165 consilio,
1153 4095 1220 4152 tam
1235 4091 1316 4172 meis

214 4211 311 4273 quam
339 4211 487 4255 meorum
516 4212 735 4255 successorum
763 4191 964 4275 temporibus
992 4193 1092 4254 fixum
1122 4190 1157 4252 in
1185 4192 1317 4258 nomine

212 4293 318 4357 Patris
337 4302 370 4357 et
393 4294 469 4358 Filii
489 4301 524 4359 et
546 4294 686 4378 Spiritus
707 4295 819 4358 Sancti
842 4293 910 4357 fieri
929 4294 965 4356 in
987 4300 1135 4357 eternum
1155 4293 1315 4378 praecipio.

214 4395 251 4458 Si
265 4395 337 4478 quis
351 4417 427 4459 vero
445 4404 514 4461 tam
531 4397 762 4480 epilempticus,
777 4395 974 4480 philargyrie
993 4393 1143 4458 seductus
1163 4397 1316 4476 amentia,

1125 4517 1145 4560 c
