3234 5125
309 431 361 483 404
584 431 903 487 MISCELLANEOUS
922 433 1136 488 CHARTERS.

309 625 408 668 sinam
432 607 466 669 in
482 606 669 685 Weodune3
694 608 801 670 Leofsi
824 607 864 670 de
886 608 1067 686 Londonia,
1083 628 1123 670 11.
1139 607 1241 690 hydas
1262 613 1296 670 et
1315 603 1411 668 dimi-

309 708 396 771 diam
421 709 456 771 in
478 710 674 773 Wurmelea.
720 711 889 774 Postremo
917 731 979 794 ego
1003 711 1083 794 ipse,
1098 731 1158 794 pro
1186 731 1243 794 spe
1270 709 1411 772 retribu-

310 811 411 875 cionis
433 821 561 891 eternae,
577 821 610 876 et
624 833 682 896 pro
703 813 893 876 remissione
912 813 1104 878 delictorum
1125 832 1284 890 meorum,
1300 819 1333 876 et
1352 831 1412 893 pro

310 915 476 978 animabus
502 915 602 998 patris
627 915 691 978 mei
715 921 748 978 et
772 914 884 978 matris
906 935 999 993 meae,
1014 923 1047 979 et
1070 915 1217 978 omnium
1239 922 1411 996 parentum

311 1039 466 1097 meorum,
483 1019 523 1080 ad
536 1018 662 1082 laudem
679 1018 921 1102 Omnipotentis
936 1017 999 1082 Dei
1013 1018 1117 1101 posui,
1128 1017 1164 1080 in
1174 1015 1362 1080 dotalicium
1375 1025 1411 1078 et

309 1120 344 1182 in
359 1127 545 1203 perpetuam
564 1121 786 1198 hereditatem,
802 1142 899 1204 super
913 1121 1024 1198 altare,
1041 1120 1129 1184 varia
1146 1126 1410 1183 ornamentorum

310 1244 437 1306 genera,
454 1225 570 1306 quibus
593 1223 734 1288 ecclesiae
756 1224 940 1300 serviretur,
957 1223 1006 1286 vel
1029 1223 1064 1285 in
1084 1221 1280 1305 quotidianis
1302 1219 1352 1283 vel
1373 1219 1410 1281 in

309 1326 495 1390 solennibus
514 1327 698 1390 ministeriis
710 1352 719 1404 ;
743 1326 835 1390 etad
858 1348 936 1389 usus
954 1325 1090 1389 fratrum
1113 1325 1193 1388 inibi
1217 1325 1289 1387 Deo
1312 1323 1409 1386 serri-

309 1431 446 1507 encium,
471 1430 510 1494 de
537 1451 609 1494 meo
635 1429 708 1512 jure
735 1429 821 1512 quod
849 1429 930 1491 mihi
958 1428 1018 1492 soli
1047 1427 1260 1510 competebat,
1289 1425 1410 1507 absqae

309 1531 405 1595 ullius
419 1533 650 1596 reclamacione
661 1531 710 1596 vel
726 1532 993 1607 contradiccione,
1009 1531 1082 1608 ista,
1097 1529 1245 1612 inprimis
1255 1530 1410 1610 Langtun

308 1655 381 1696 cum
402 1635 552 1698 omnihus
575 1635 615 1698 ad
641 1656 675 1699 se
700 1635 947 1718 pertinentibus,
970 1633 1138 1716 Gihtslepe
1161 1652 1236 1696 cum
1260 1631 1410 1694 omnibus

308 1736 348 1800 ad
363 1759 397 1800 se
412 1737 656 1819 pertinentibus,
674 1739 775 1800 Stans
794 1759 868 1800 oum
889 1736 1038 1799 omnihus
1056 1736 1096 1798 nd
1114 1757 1148 1798 se
1162 1733 1407 1818 pertinentibus,

308 1839 510 1902 Windlesore
530 1859 603 1902 cnm
625 1839 774 1903 omuibus
793 1839 832 1902 ad
851 1861 885 1902 se
898 1837 1145 1922 pertinentibus,
1162 1836 1405 1918 Huuaethamp·

306 1942 396 2006 stede
425 1963 499 2006 cum
528 1942 678 2006 omnibus
708 1940 749 2004 ad
774 1963 808 2005 se
831 1941 1078 2025 pertinentibus,
1107 1940 1303 2004 Stithenaece
1332 1960 1406 2001 cum

305 2045 455 2109 omnibus
490 2044 529 2108 ad
552 2065 586 2108 se
610 2044 857 2128 pertinentibus,
882 2043 1069 2108 AEscewelle
1091 2064 1165 2106 cum
1188 2042 1338 2106 omnibus
1365 2041 1406 2104 ad

306 2170 340 2212 se
365 2146 610 2230 pertinentibus,
640 2148 732 2210 Dene
757 2168 832 2210 cum
863 2147 1013 2210 omnibus
1042 2147 1083 2210 ad
1104 2168 1139 2210 se
1160 2145 1405 2230 pertinentibus,

308 2251 458 2314 Subbure
478 2271 551 2313 cum
572 2249 722 2312 omnibus
741 2248 781 2312 ad
800 2271 834 2313 se
848 2249 1095 2332 pertinentibus,
1112 2250 1234 2313 Pertun
1249 2270 1323 2313 cum
1336 2268 1405 2312 om·

308 2355 402 2418 nibus
422 2353 511 2416 adse
528 2351 770 2436 pertinentibus,
788 2353 949 2416 Roteland
966 2374 1039 2416 cum
1049 2351 1210 2444 ,omnibus
1227 2351 1268 2414 ad
1287 2372 1322 2414 se
1335 2371 1405 2434 per·

307 2456 494 2520 tinentibus.
527 2456 605 2518 Post
619 2465 757 2518 mortem
772 2454 901 2537 Edgice
912 2456 1022 2537 regine
1035 2455 1181 2538 conjugis
1194 2475 1285 2532 mese,
1295 2456 1405 2518 Perse·

305 2581 394 2623 0ram
418 2580 492 2623 oum
522 2558 672 2623 omnibus
702 2558 742 2621 ad
771 2580 806 2621 se
833 2556 1077 2641 pertinentibus,
1105 2557 1302 2642 Deorhyrste
1331 2580 1405 2621 cnm

305 2663 455 2726 omnibus
470 2662 556 2726 adse
570 2661 817 2745 pertinentibus.
852 2660 1004 2724 Relaxavi
1014 2662 1115 2744 igitur
1125 2662 1196 2739 istis
1210 2669 1243 2724 et
1257 2660 1406 2725 omnibus

306 2766 576 2849 supranominatis
609 2765 703 2828 terris
738 2764 987 2828 consuetudines
1020 2786 1132 2827 ornnes
1161 2774 1195 2827 et
1223 2764 1407 2827 exacciones

306 2869 460 2951 regalium
476 2877 509 2932 et
521 2868 748 2951 episcopalium
763 2867 997 2945 ministrorum,
1013 2865 1096 2929 sieut
1111 2875 1327 2929 antecessores
1341 2865 1407 2929 mei

305 2992 395 3053 reges
422 2972 510 3053 prius
534 2972 688 3047 lecerunt,
713 2981 750 3032 ut
774 2969 872 3032 nullis
904 2977 1078 3051 graventur
1101 2969 1253 3034 oneribus
1277 2968 1405 3052 expedi-

304 3076 443 3150 cionum,
468 3094 527 3136 nec
551 3072 701 3155 poncium
716 3072 765 3135 vel
790 3080 968 3136 castrorum
992 3071 1219 3149 restruccione,
1240 3092 1301 3134 nec
1325 3070 1406 3134 finis

306 3175 565 3259 apprehensione.
604 3176 649 3237 Et
663 3174 773 3237 omnia
788 3196 850 3256 que
865 3175 905 3238 ad
920 3166 1027 3237 locuni
1042 3175 1147 3257 ipsum
1162 3174 1325 3256 pertinent
1338 3173 1406 3236 sint

305 3278 437 3341 omnino
451 3277 560 3353 libera,
577 3276 675 3353 cellae,
692 3277 841 3349 ecclesiae,
854 3276 1021 3355 cimiteria,
1037 3284 1291 3359 tempuscula,
1307 3276 1404 3354 silvae,

305 3380 503 3455 venaciones,
527 3400 629 3461 aquoe,
650 3379 856 3461 piscaciones,
878 3400 953 3442 cum
972 3379 1161 3457 redditibus,
1180 3379 1331 3456 serviciis,
1349 3379 1404 3443 de·

306 3482 392 3558 bitis,
425 3480 653 3557 oblacionibus,
688 3482 912 3559 luminaribus,
943 3482 1085 3560 decimis,
1115 3482 1266 3559 donanis
1296 3503 1404 3559 censu,

306 3583 485 3661 morthidis,
501 3583 636 3665 legibus,
652 3584 949 3661 consuetudinibus,
960 3606 1127 3648 causarum
1142 3584 1404 3662 discussionibus,
1476 3583 1482 3591 '

304 3686 594 3764 emendacionibus,
607 3686 672 3749 sive
683 3686 905 3750 ecclesiasticis
916 3687 982 3750 sive
996 3685 1204 3763 secularibus,
1213 3695 1248 3750 et
1256 3686 1405 3749 omnibus

304 3810 492 3872 quecunque
515 3788 642 3872 scriptis
659 3797 693 3851 et
717 3789 903 3852 testimonio
923 3788 1080 3851 bonorum
1105 3788 1274 3851 hominum
1303 3810 1404 3852 reme-

304 3893 422 3957 morari
437 3900 598 3975 poterunt,
615 3912 676 3974 que
692 3914 710 3954 a
724 3891 854 3975 regibus
868 3912 1018 3954 concessa
1033 3890 1081 3955 vel
1096 3890 1298 3954 concedenda
1317 3900 1404 3970 sunt,

303 4004 341 4057 ut
363 3994 470 4057 nullus
493 4016 530 4057 ex
556 3994 606 4056 his
632 3993 830 4069 subtrahere,
846 3992 896 4056 vel
920 3993 1108 4071 diminuere,
1132 4001 1188 4056 aut
1211 3993 1404 4078 disperdere,

303 4096 446 4180 qualibet
466 4096 642 4173 occasione,
655 4095 788 4179 judicio,
804 4095 854 4158 vel
875 4102 1043 4178 potestate,
1059 4104 1233 4178 presumat.
1278 4097 1405 4160 Donavi

303 4200 403 4263 eciem
419 4198 567 4281 religioso
588 4198 697 4261 abbati
711 4198 875 4275 Eadwino,
892 4198 948 4280 qui
967 4207 1047 4262 tnnc
1065 4198 1113 4261 illi
1133 4199 1204 4262 loco
1221 4208 1358 4282 preerat,
1371 4210 1405 4264 et

303 4300 453 4364 omnibus
482 4301 599 4363 futuris
628 4306 701 4382 post
725 4321 798 4363 eum
822 4300 942 4364 ibidem
968 4301 1148 4379 abbatibus,
1174 4301 1209 4363 in
1238 4310 1309 4364 tota
1332 4324 1404 4384 pos·

301 4402 443 4464 saisione
458 4401 654 4477 monasterii,
671 4420 777 4464 sacam
800 4412 833 4464 et
847 4422 964 4479 socam,
980 4402 1230 4484 theloneumque
1253 4423 1348 4465 suum
1368 4404 1404 4466 in
