3234 5125
502 390 825 447 MISOELLANEOUS
843 391 1056 447 CHARTERS.
1313 392 1332 443 l)

225 560 454 626 communione
469 582 538 626 esse
553 558 754 641 damnatum,
770 563 823 626 vel
837 584 857 625 a
871 562 1118 646 participatione
1135 562 1278 646 corporis
1297 570 1331 627 et

225 664 394 747 sanguinis
409 663 545 727 Domini
559 664 663 728 nostri
678 665 698 727 J
701 665 783 729 besu
797 663 922 729 Christi
936 672 1131 749 separatum.

269 766 342 849 Ego
376 765 575 850 [AEghidus]
609 787 666 830 rex
697 766 955 831 Humbrensium
984 766 1037 830 his
1065 766 1276 852 synodalibus
1297 776 1332 834 et

226 868 389 933 canonicis
420 868 606 932 constitutis
635 869 840 933 consentiens
868 869 1044 935 subscribo.
1096 870 1168 955 Ego
1201 868 1331 953 [AEcel-

226 970 336 1054 rodus]
358 991 413 1035 rer
429 970 628 1033 Marciorum
642 970 693 1034 his
708 970 906 1036 sinodalibus
920 979 954 1036 et
968 971 1131 1036 canonicis
1145 972 1331 1037 constitutis

227 1073 432 1137 consentiens
453 1072 628 1137 subscribo.
673 1074 746 1157 Ego
766 1074 908 1139 alduulf
922 1096 978 1139 rer
994 1074 1258 1158 AEstranglorum
1281 1076 1332 1139 his

226 1175 424 1241 sinodalibus
453 1182 486 1239 et
515 1174 678 1241 canonicis
707 1176 893 1242 constitutis
921 1177 1125 1241 consentiens
1154 1177 1330 1243 subscribo.

226 1278 298 1363 Ego
333 1278 530 1363 [Cloberius]
564 1299 620 1343 rex
643 1278 897 1343 cantuariorum
921 1278 974 1343 his
997 1277 1196 1344 sinodalibus
1220 1288 1254 1345 et
1277 1302 1330 1345 ca·

227 1381 352 1446 nonicis
370 1382 556 1446 constitutis
580 1382 786 1447 consentiens
808 1380 985 1447 subscribo.
1029 1383 1101 1464 Ego
1121 1382 1330 1463 Theodorias,

225 1485 331 1569 gratia
346 1484 408 1549 Dei
423 1485 678 1570 archiepiscopus
693 1484 865 1551 Britannis
875 1493 909 1549 et
924 1483 1109 1550 civitatibus
1120 1486 1330 1565 Dorovernic,

227 1589 433 1654 consentiens
447 1587 623 1653 subscribo.

527 1910 1025 1925 -n-ffl

420 2151 543 2206 *KING
563 2150 760 2207 WIHTRAED
778 2152 827 2207 OF
844 2151 956 2209 KEN'l'.
992 2152 1154 2209 nexem

273 2300 314 2377 »Β
324 2300 421 2361 Anno
437 2297 477 2362 ab
491 2298 712 2364 incarnatione
727 2299 860 2364 Domini
870 2320 1035 2364 ncncun.
1046 2299 1246 2385 Wbytrcdus
1261 2300 1330 2384 glo·

227 2402 331 2464 riosus
357 2422 412 2465 rex
433 2400 557 2465 Kancie
578 2422 653 2467 cum
675 2402 932 2467 reverentissimo
956 2402 1193 2487 archiepiscopo
1217 2404 1329 2468 Briht·

228 2502 330 2570 waldo
355 2504 496 2588 precepit
519 2504 707 2590 congregari
726 2505 899 2570 concilium
919 2504 954 2569 in
974 2504 1045 2570 loco
1063 2505 1119 2590 qui
1144 2506 1332 2588 nominatur

227 2606 435 2684 Bachsncild,
449 2605 629 2690 presidente
644 2607 755 2672 eodem
771 2607 909 2672 concilio
920 2607 990 2691 jam
1009 2609 1177 2673 nominato
1191 2609 1330 2674 clemen·

227 2710 353 2774 tissirm
374 2729 449 2792 rege
472 2709 722 2774 cantuariorum
744 2709 936 2794 Whytredo,
959 2718 992 2774 et
1014 2711 1126 2774 eodem
1149 2713 1331 2778 venerando

227 2821 318 2896 patre
347 2811 483 2896 primate
514 2812 615 2876 totius
647 2811 829 2890 Britannia,
858 2811 1019 2896 simulque
1047 2812 1149 2876 Tobia
1182 2814 1330 2900 episcopo

230 2915 390 2979 Roffensis
421 2913 563 2994 ecclesie,
594 2937 669 2980 cum
703 2913 884 2994 abbatibus,
915 2915 1094 2995 abbatissis,
1123 2917 1328 3002 presbyteris,

227 3017 425 3096 diaconibus,
455 3016 601 3096 ducibus,
628 3017 773 3102 satrapis,
804 3019 925 3102 pariter
956 3027 1133 3083 tractantes
1167 3020 1206 3084 de
1240 3028 1330 3086 statu

228 3121 433 3188 ecclesiarum
448 3121 511 3184 Dei
526 3121 561 3184 in
576 3121 706 3204 Anglia,
724 3129 758 3184 et
777 3121 818 3185 de
837 3120 900 3184 hiis
915 3143 987 3205 quae
1001 3144 1021 3185 a
1036 3122 1184 3186 fidelibus
1199 3123 1330 3206 regibus

227 3223 511 3308 predecessoribus
539 3225 609 3307 ejus
641 3232 675 3288 et
707 3223 905 3307 propinquis,
937 3224 1138 3304 AEbclberto,
1171 3226 1329 3308 videlieet,

228 3328 425 3412 posterisque
445 3327 525 3411 ejus,
548 3327 619 3390 Deo
641 3326 857 3411 omnipotenti
874 3326 909 3389 in
932 3327 1094 3411 propriam
1117 3327 1330 3394 hereditatem

227 3431 305 3495 data
330 3431 472 3508 sueramt,
496 3429 634 3513 qualiter
663 3428 840 3494 secundum
870 3449 979 3497 veram
1002 3430 1166 3513 justiciam
1189 3439 1275 3496 stare
1296 3439 1330 3496 et

226 3555 413 3618 permanere
432 3533 579 3612 valeant3
602 3532 653 3596 vel
668 3533 829 3616 quomodo
846 3553 886 3597 ea
904 3553 1029 3597 servare
1048 3541 1196 3618 oporteat
1214 3534 1330 3598 amodo

228 3645 261 3702 et
281 3658 382 3721 usque
396 3637 431 3699 in
446 3636 544 3699 finem
564 3635 664 3700 sectili
683 3633 927 3699 constituentes.
972 3635 1053 3718 Ego,
1074 3636 1191 3719 inquit,
1211 3638 1330 3722 Whyt.

228 3740 333 3819 rodus,
349 3760 405 3803 rex
425 3746 582 3816 terrenus,
597 3759 618 3800 a
633 3739 722 3821 Rege
736 3758 850 3820 regum
871 3723 1092 3820 compunctam,
1108 3739 1177 3804 selo
1198 3739 1331 3804 rectitu-

228 3842 313 3906 dinis
329 3862 490 3919 acoensus,
503 3863 542 3906 ex
557 3840 690 3923 antiqua
705 3839 878 3904 traditione
888 3847 1073 3904 sanctourm
1083 3851 1213 3924 patrum
1223 3840 1331 3920 didici,

141 4011 145 4018 ,
227 3967 294 4010 uon
310 3965 379 4009 esse
389 3944 517 4008 licitum
532 3943 628 4008 alicui
643 3941 768 4008 homini
779 3941 815 4004 in
829 3941 912 4011 laioo
922 3941 1037 4006 habitu
1051 3942 1228 4008 constituto
1239 3964 1332 4006 usur·

228 4071 304 4133 pare
333 4047 405 4126 sibi,
437 4046 527 4131 quasi
555 4046 717 4130 propriam
747 4045 990 4128 possessionem,
1011 4045 1098 4129 quod
1123 4047 1228 4110 fuerat
1256 4054 1331 4132 ante

230 4151 372 4216 Domino
409 4171 596 4215 concessum
631 4156 664 4213 et
700 4168 794 4212 cruce
823 4147 945 4212 Christi
974 4148 1148 4212 firmatum.
1205 4147 1332 4212 Scimus

228 4255 325 4334 enim,
344 4262 377 4317 et
400 4253 554 4317 veraciter
571 4257 708 4330 constat,
731 4250 806 4334 quia
830 4249 915 4334 quod
940 4251 1040 4315 semel
1059 4250 1215 4334 acceperit
1234 4251 1332 4317 homo

229 4357 403 4422 donatione
428 4356 560 4421 alterius
582 4357 616 4421 in
639 4353 801 4438 propriam
827 4359 1030 4436 potestatem,
1054 4352 1238 4416 nullatcnus
1263 4352 1333 4417 sine
