3234 5125
298 445 349 496 lan
563 443 885 500 MISCELLANEOUS
904 441 1120 497 CHARTERS.

295 617 392 681 nibus
407 616 688 700 circumcingitur:
720 619 750 680 A
765 615 892 680 meritis
909 625 943 679 et
957 614 1186 678 aboccidente
1205 615 1284 676 Stur
1297 634 1401 696 usque

295 720 539 804 Blancanry'6e;
563 720 604 784 ab
627 719 776 803 aquilone
799 726 833 782 et
852 717 894 782 ab
913 717 1037 783 oriente
1058 715 1247 781 Eadwaldes
1263 715 1401 780 bocland

295 832 331 887 to
351 822 584 888 Bradeburnan
594 849 602 900 ;
627 831 738 905 estque
758 844 825 885 una
844 821 941 884 semis
958 828 1066 884 aratra
1086 819 1127 883 ab
1147 819 1273 884 oriente
1292 820 1399 897 Sture,

297 947 359 1009 que
370 927 457 1010 jacet
472 934 505 989 at
517 926 692 990 confinium
712 947 814 1008 usque
830 924 955 987 Garulfi
970 923 1055 1006 regis
1068 922 1210 986 ministri
1224 928 1260 985 to
1274 923 1398 986 Mersa·

296 1029 372 1092 hem
390 1037 423 1092 et
439 1029 555 1092 medan
572 1028 612 1092 be
630 1036 803 1105 sostenes,
819 1048 877 1090 sue
895 1032 950 1115 ber
968 1026 1037 1089 mid
1058 1025 1145 1088 rilrte
1163 1032 1199 1088 to
1216 1029 1288 1108 bem
1305 1024 1400 1088 lande

295 1131 417 1214 limpad
444 1133 490 1212 (as
516 1131 606 1194 there
631 1130 800 1214 riglrtsully
825 1128 944 1212 belong
970 1137 1006 1192 to
1032 1128 1088 1192 the
1113 1127 1214 1210 land),
1237 1147 1400 1210 unamque

295 1234 371 1298 salis
386 1234 615 1318 coquinarium,
632 1233 694 1297 hoc
708 1241 767 1310 est,
785 1254 807 1295 1.
825 1231 1103 1312 sealternsteall·]
1120 1235 1176 1317 per
1189 1238 1307 1296 cotato
1324 1229 1400 1310 (and

294 1346 358 1400 two
378 1345 446 1400 cots
464 1336 580 1417 there),
599 1336 633 1398 in
649 1335 704 1398 illa
721 1336 792 1399 loco
809 1335 865 1398 ubi
886 1334 1073 1398 nominatur
1092 1333 1239 1397 llerewic
1247 1359 1258 1410 ς
1281 1341 1315 1396 et
1329 1353 1398 1396 1111.

294 1438 392 1503 carris
407 1438 681 1502 transductionem
695 1438 729 1501 in
745 1437 827 1501 silba
841 1437 925 1519 regis
940 1457 995 1499 sex
1011 1436 1202 1500 ebdomades
1216 1458 1236 1499 a
1250 1436 1303 1500 die
1317 1436 1398 1499 Pen-

294 1548 447 1618 tecosten,
463 1540 543 1604 hubi
565 1540 658 1602 alteri
675 1540 823 1604 homines
842 1539 956 1603 silbam
972 1538 1101 1617 cedunt,
1114 1539 1176 1604 hoc
1190 1547 1249 1616 est,
1266 1539 1301 1601 in
1315 1538 1400 1622 rugis

294 1643 530 1719 communione,
552 1642 612 1706 hec
635 1649 710 1705 sunt
732 1663 851 1725 pascua
869 1662 1048 1724 porcorum,
1072 1663 1134 1725 que
1156 1649 1267 1704 nostra
1287 1642 1399 1724 lingue

296 1745 476 1810 Sarhcnica
502 1744 641 1809 denbere
669 1745 893 1822 nominamus3
923 1744 1066 1825 hoc-est,
1091 1744 1259 1822 Husneah‚
1283 1744 1398 1806 Eired·

294 1847 447 1930 ingdenn,
467 1847 752 1929 Herbedingdenn,
776 1846 1005 1928 Wafingdenn‚
1025 1846 1287 1929 Widefingdenn,
1305 1847 1398 1912 Blec-

294 1949 472 2032 cingdenn;
492 1970 618 2012 necnon
629 1971 680 2012 xx.
691 1950 904 2012 stateracasei
914 1949 951 2012 of
961 1949 1091 2012 Marsae
1100 1947 1194 2030 (from
1204 1949 1260 2012 the
1268 1948 1393 2029 Marah)

294 2052 334 2115 ad
352 2052 537 2117 Mersaham
555 2050 720 2130 reddetur,
736 2059 769 2114 et
783 2071 835 2114 η.
852 2073 962 2134 agnos,
979 2058 1012 2114 et
1030 2072 1081 2114 η.
1096 2049 1214 2114 vellera
1231 2051 1350 2128 ovium,
1365 2059 1399 2114 et

294 2155 431 2218 duorum
446 2155 570 2217 dierum
586 2154 725 2232 refectio,
743 2154 792 2216 vel
808 2175 882 2216 xxx.
898 2154 1068 2237 argenteis,
1085 2154 1146 2217 hoc
1164 2160 1224 2231 est,
1242 2154 1397 2217 semicum

293 2256 377 2320 libra
401 2256 586 2319 redimatur.
642 2257 704 2319 Hsi
727 2257 798 2339 quis
827 2277 903 2320 vero
931 2255 1086 2320 heredum
1116 2278 1398 2340 successorumque

294 2379 449 2436 meorum,
458 2380 581 2440 regum,
587 2358 1191 2442 principum,ducum,optimatum‚sive
1200 2370 1397 2438 exactorum,

294 2461 377 2524 hanc
397 2481 501 2524 meam
516 2460 723 2525 donationem
741 2483 868 2525 servare
882 2462 1030 2539 voluerit,
1050 2470 1194 2525 servetur
1212 2464 1243 2526 ei
1263 2463 1398 2547 desuper

294 2564 475 2629 benedictio
494 2566 706 2648 sempiterna3
729 2565 779 2629 hsi
798 2573 919 2643 autem,
935 2564 1029 2643 absit,
1045 2566 1132 2648 quod
1151 2587 1217 2630 non
1237 2574 1396 2650 optamus,

200 2652 203 2659 ¹
292 2668 427 2751 alicujus
453 2669 596 2753 personis
613 2668 721 2746 homo,
742 2668 900 2732 diabolica
925 2668 1107 2732 temeritate
1125 2668 1308 2751 instigatus,
1327 2690 1397 2733 sur-

291 2771 408 2835 rexerit
423 2772 479 2854 qui
494 2772 577 2835 hanc
594 2792 698 2834 meam
714 2771 922 2835 donationem
939 2771 990 2833 vel
1007 2772 1190 2835 livertatem
1210 2772 1396 2856 infringere,

291 2874 342 2937 vel
356 2874 511 2951 minuere,
523 2883 580 2937 aut
594 2874 629 2937 in
644 2874 725 2937 aliut
736 2874 924 2937 conbertere
935 2896 1032 2957 quam
1044 2896 1064 2937 a
1074 2875 1167 2938 nobis
1181 2877 1397 2939 constitutum

293 2984 341 3039 est
355 2976 570 3058 temptaverit,
581 2975 660 3039 sciat
675 2997 708 3039 se
724 2983 798 3039 ante
814 2975 955 3039 tribunal
971 2977 1090 3040 summi
1106 2986 1139 3041 et
1153 2979 1257 3042 eterni
1271 2980 1397 3044 Judicis

292 3080 450 3142 rationem
469 3100 536 3142 esse
554 3078 765 3156 redditurum,
781 3079 844 3141 nisi
867 3088 943 3143 ante
957 3079 1055 3163 digna
1069 3080 1231 3165 beatisque
1248 3083 1396 3166 placabili

292 3179 430 3243 factione
446 3180 517 3242 Deo
532 3188 564 3241 et
580 3178 765 3242 hominibus
780 3181 950 3244 emendare
964 3182 1134 3245 studuerit.

337 3282 444 3345 Hacta
470 3290 518 3343 est
542 3290 651 3345 autam
674 3281 734 3345 hec
758 3283 869 3347 eadem
895 3284 1027 3348 donatio
1050 3286 1101 3349 vel
1125 3286 1255 3351 livertas
1278 3288 1314 3350 in
1339 3290 1396 3354 illa

289 3384 362 3447 loco
384 3403 446 3466 que
466 3382 624 3445 vocitatur
646 3384 841 3463 Biernefeld,
865 3407 951 3450 anno
973 3388 1145 3453 Dominice
1166 3390 1397 3456 iucarnationis

292 3504 495 3562 accensus,
517 3484 700 3549 Indictione
718 3508 775 3564 xa,
791 3489 929 3552 testibus
948 3492 1234 3571 consentientibus,
1253 3502 1286 3557 et
1302 3495 1395 3577 signo

292 3592 344 3652 see
366 3588 468 3652 crucis
490 3588 554 3673 Xfai
577 3590 852 3669 confirmantibus,
868 3614 1005 3674 quorum
1028 3595 1081 3659 hic
1102 3596 1235 3661 nomina
1256 3598 1340 3661 infra
1358 3620 1396 3663 ec

290 3692 325 3753 in
340 3690 470 3755 scedula
484 3690 644 3773 patefacta
658 3692 851 3775 liquescunt.

336 3796 375 3875 ›1‹
393 3795 463 3876 Ego
487 3793 686 3857 Ecelbearht
705 3816 761 3858 rex
781 3795 865 3859 hanc
883 3818 989 3860 meam
1006 3798 1215 3863 donationem
1232 3803 1282 3866 vel
1301 3803 1395 3867 liver-

160 4175 165 4184 ,
290 4102 389 4167 weald
405 4102 470 4165 dux
485 4114 571 4166 cons.
587 4122 606 4183 Ἰ
624 4104 670 4166 sb.
713 4105 752 4184 »Β
769 4104 1160 4190 EgoMncelffi.cons.]
1179 4112 1225 4174 sb.
1266 4115 1307 4193 ᾧ
1323 4114 1396 4195 Ego

292 4206 489 4269 Heahmund
504 4208 550 4288 p'f.
567 4217 653 4268 cons.
670 4225 688 4286 ]
706 4208 751 4267 sb.
824 4209 863 4288 »Β
880 4208 951 4290 Ego
967 4210 1131 4273 Heremod
1145 4215 1192 4293 p'f.
1208 4226 1294 4277 cous.
1310 4235 1330 4297 Ἰ
1347 4218 1393 4280 sb.

291 4312 331 4391 ›1‹
348 4310 419 4391 Ego
434 4308 554 4372 Garuli
568 4311 610 4371 ffi.
630 4320 751 4389 cons]
773 4310 819 4371 sb.
895 4314 934 4393 ›1‹
953 4313 1026 4395 Ego
1046 4313 1228 4379 Eastmnnd
1243 4318 1286 4379 rii.
1304 4332 1392 4382 cons.

288 4434 306 4493 Ἰ
325 4415 369 4475 sb.
432 4413 471 4492 ›1‹
489 4412 559 4493 Ego
578 4410 713 4473 l'ulfrcd
730 4414 772 4477 rii.
789 4425 875 4476 cont.
890 4434 909 4495 3
927 4416 973 4478 sb.
1035 4419 1075 4498 >1⁴
1093 4418 1163 4500 Ego
1178 4418 1328 4502 Wigstan
1349 4425 1392 4487 ῶ.
