3234 5125
515 472 837 529 MISCELLANEOUS
856 476 1070 533 CHARTERS.
1294 486 1346 539 309

237 640 464 724 forcgcncgan·
504 648 528 728 p
564 644 663 708 naefre
707 666 772 707 nan
811 647 889 709 with
931 649 987 712 the
1023 671 1111 714 same
1146 654 1346 718 immunities
1434 669 1437 674 '

240 765 315 806 man
334 766 375 807 ne
398 766 434 828 ay
456 767 521 808 swa
543 745 658 830 dyrsti·
679 769 716 833 sy
732 748 772 812 he
813 749 891 812 with
912 749 1018 815 which
1039 752 1120 835 king
1135 754 1345 839 AEthelbyrht

238 846 384 929 gehadod
417 868 454 933 sy
488 848 529 912 he
568 849 710 915 laewode·
747 856 771 937 b
813 852 875 915 and
900 855 944 917 all
968 877 1024 940 my
1043 856 1262 940 predecessore
1279 858 1342 923 had

240 950 327 1033 aenig
363 950 460 1035 binga
491 951 623 1036 gelytlie
659 957 697 1039 be
728 976 771 1018 on
812 956 988 1039 privileged
1005 959 1032 1021 it
1042 985 1052 1037 ς
1076 960 1149 1022 that
1169 982 1265 1025 never
1279 984 1343 1047 any

237 1054 315 1116 bam
344 1054 460 1118 freolse
486 1062 594 1119 staent.
642 1056 703 1121 Gif
721 1058 770 1121 hit
811 1080 888 1122 man
910 1058 1027 1124 should
1046 1061 1087 1126 be
1104 1084 1140 1125 so
1163 1063 1286 1147 daring,
1303 1065 1342 1129 be

238 1156 310 1218 hwa
326 1162 438 1241 brenna
457 1157 512 1221 dc·
531 1181 568 1244 sy
585 1158 636 1222 his
657 1160 699 1223 lif
712 1161 771 1225 her
811 1161 852 1225 he
870 1162 905 1226 in
926 1162 1047 1242 orders,
1065 1164 1106 1228 be
1129 1163 1171 1228 he
1190 1165 1254 1250 lay,
1270 1166 1342 1230 that

237 1267 392 1341 geseert]
408 1258 459 1323 his
471 1282 613 1344 wunung
628 1282 671 1325 on
685 1263 769 1327 helle
809 1263 851 1327 he
865 1264 1019 1329 diminish
1035 1289 1098 1351 any
1113 1267 1151 1330 of
1160 1266 1217 1331 the
1231 1268 1342 1352 things

236 1362 373 1444 grunde·
391 1362 493 1427 butan
507 1365 549 1428 he
563 1365 613 1429 hit
630 1368 673 1431 'de
688 1367 768 1431 stib-
808 1367 914 1433 which
938 1368 1033 1432 stand
1058 1369 1093 1431 in
1118 1369 1190 1433 that
1213 1369 1340 1455 liberty.

236 1464 316 1528 licor
339 1465 453 1548 gebete
479 1466 522 1531 air
544 1467 595 1531 his
616 1469 707 1534 aende
728 1470 769 1535 be
808 1471 885 1535 And
900 1471 1006 1557 ifany
1024 1493 1087 1535 one
1107 1493 1143 1534 so
1163 1472 1214 1551 do,
1233 1472 1273 1537 be
1290 1474 1342 1538 his

236 1571 299 1650 baes
314 1568 549 1654 arcebisceopes
565 1572 712 1656 taeciuge.
808 1574 864 1656 life
891 1575 969 1638 here
994 1575 1177 1653 ahortened,
1201 1576 1265 1640 aud
1289 1576 1342 1640 his

808 1677 960 1761 dwelling
989 1679 1024 1740 in
1062 1679 1119 1742 the
1149 1680 1276 1761 ground
1308 1680 1346 1743 of

808 1781 883 1858 hell,
900 1781 1008 1843 unless
1023 1782 1064 1845 he
1078 1782 1135 1844 the
1145 1802 1235 1845 more
1246 1784 1340 1846 make

808 1882 942 1946 amends
971 1882 1080 1947 before
1112 1883 1163 1946 his
1195 1884 1267 1963 end,
1297 1885 1341 1970 by

808 1986 865 2049 the
880 1985 1100 2071 archbishop's
1114 1986 1275 2070 tecching.

598 2358 694 2412 KING
713 2359 823 2414 CNUT.
860 2356 978 2413 nm.

280 2507 320 2589 ›1‹
338 2505 456 2569 Rector
477 2504 681 2588 altipolorum
704 2506 846 2571 culmine
868 2513 966 2590 atque
987 2504 1194 2570 Architector
1216 2528 1341 2570 summe

235 2607 353 2672 fabrice
368 2607 496 2672 etheree
512 2609 594 2687 aule,
604 2630 642 2672 ex
657 2608 777 2674 nichilo
793 2609 923 2693 quidem
938 2617 1055 2673 cuncta
1070 2609 1199 2687 creavit,
1212 2609 1339 2688 coelum,

234 2710 367 2788 scilicet,
383 2719 416 2774 et
431 2721 561 2791 terram,
578 2719 611 2776 et
625 2712 735 2775 omnia
751 2734 813 2796 que
828 2713 864 2775 in
879 2712 925 2776 eis
940 2720 1035 2789 sunt3
1060 2711 1197 2775 eandida
1211 2713 1340 2795 quidem

234 2813 378 2896 angelica
401 2815 541 2896 agmina,
572 2814 683 2894 solem,
709 2815 833 2893 lunam,
858 2813 1027 2896 lucidaque
1056 2822 1153 2891 astra,
1176 2822 1209 2877 et
1235 2824 1342 2879 cetera

118 2991 123 2998 ¹
234 2939 296 3000 que
310 2939 406 3001 super
416 2919 623 2982 firmamento
637 2926 732 2996 sunt3
756 2918 871 2982 mundi
886 2925 995 2980 autem
1007 2916 1161 2980 fabricam
1176 2916 1340 2982 inenarra-

234 3019 293 3084 bili
319 3021 492 3104 disponens
514 3020 638 3099 ordine,
661 3029 699 3084 ut
723 3020 861 3084 Genesis
883 3026 1041 3084 testatur:
1074 3021 1150 3082 “Et
1174 3019 1340 3084 hominem

235 3131 325 3186 sexto
345 3122 397 3186 die
415 3123 564 3187 formavit
582 3123 623 3186 ad
638 3123 882 3187 similitudinem
900 3123 1027 3201 suam,'’
1043 3121 1160 3199 Adam,
1181 3121 1338 3202 videlieet,

233 3225 441 3308 quadriformi
470 3225 664 3308 plasmatum
694 3226 838 3303 materia,
863 3224 951 3289 unde
974 3245 1062 3288 nunc
1085 3231 1212 3288 constat
1237 3246 1339 3308 genus

233 3329 412 3391 humanum
432 3348 494 3411 que
513 3328 548 3389 in
564 3327 658 3390 terris
677 3337 834 3406 movetur,
851 3336 885 3391 et
904 3325 971 3390 ima
991 3335 1077 3391 terra
1094 3327 1250 3392 larvarica
1266 3328 1339 3392 lati-

235 3431 320 3509 bula,
341 3430 398 3494 ubi
420 3438 453 3493 et
479 3430 610 3494 Lucifer
634 3451 708 3492 cum
732 3429 858 3494 decimo
881 3429 994 3494 ordine
1015 3450 1073 3512 per
1094 3430 1278 3512 superbiam
1300 3431 1340 3494 de

234 3534 302 3597 celo
331 3533 408 3596 ruit.
464 3531 528 3596 Sed
557 3541 590 3596 et
619 3531 679 3596 hoc
708 3533 831 3596 invidet
855 3531 986 3616 pestifer
1012 3531 1182 3595 Chelidrus
1207 3534 1338 3616 protho-

233 3636 372 3719 plastum
392 3635 497 3698 aDeo
518 3634 683 3698 conditum
704 3634 910 3698 intellexerat
925 3643 963 3698 ut
977 3635 1041 3698 hoe
1058 3635 1217 3718 impleret,
1236 3659 1256 3700 a
1275 3659 1339 3720 quo

232 3740 299 3822 ipse
326 3737 422 3801 miser
448 3745 481 3799 et
504 3737 658 3800 satellites
678 3736 766 3800 illius
788 3736 828 3800 de
850 3737 920 3800 celo
941 3737 1078 3820 projecti
1100 3746 1185 3801 sunt.
1240 3739 1336 3803 Heul

233 3839 363 3923 quidem
380 3839 457 3902 boni
475 3838 575 3903 creati
593 3846 679 3916 sunt,
696 3839 753 3902 sed
769 3839 999 3902 miserabiliter
1013 3839 1150 3922 decepti.
1197 3839 1339 3923 Ideoque

231 3943 359 4007 invidus
376 3941 517 4006 Zabulus
537 3943 615 4005 totis
634 3941 754 4005 viribus
772 3942 897 4004 homini
916 3941 1048 4020 invidet,
1068 3941 1181 4005 suadet
1199 3941 1350 4030 mulieri,-

232 4045 349 4110 mulier
371 4045 450 4122 viro,
474 4066 532 4127 per
555 4045 737 4108 suasionem
768 4052 865 4128 atque
888 4065 946 4127 per
969 4043 1220 4108 inobedientiam
1243 4045 1338 4108 ambo

230 4148 356 4232 decepti
371 4155 448 4211 sunt
466 4147 686 4211 fraudulenter
700 4169 758 4230 per
772 4155 904 4230 gustum
925 4147 1013 4229 pomi
1027 4146 1109 4228 ligni
1123 4145 1225 4224 vetiti,
1241 4156 1338 4229 atque

229 4253 269 4318 ab
291 4251 467 4316 amenitate
482 4250 627 4314 Paradisi
642 4249 758 4332 dejecti
777 4249 908 4313 suntin
927 4249 988 4312 hoe
1009 4269 1203 4330 erumpnoso
1218 4248 1337 4327 seculo,

229 4365 262 4420 et
282 4356 384 4418 letum
403 4353 519 4417 sibiae
539 4352 675 4436 posteris
691 4353 757 4415 suis
771 4359 1028 4435 promeruerunt,
1044 4359 1142 4433 atque
1161 4349 1197 4412 in
1216 4358 1337 4414 tetrum

230 4458 336 4543 abyssi
356 4456 493 4522 demersi
508 4463 595 4519 suut.
642 4454 705 4518 Sed
725 4454 787 4519 hoc
809 4454 990 4517 misericors
1010 4461 1043 4516 et
1061 4452 1225 4536 piissimus
1242 4453 1338 4517 Pater
