3234 5125
297 440 351 493 326
572 429 893 487 MISCELLANEOUS
911 424 1125 481 CHARTERS.

300 608 364 671 and
382 607 493 691 Osgod
515 607 626 690 Clapa·
648 624 666 686 Ἰ
687 603 790 685 Tofig·
808 620 828 683 Ἰ
871 598 935 664 and
950 597 1079 664 Leohio
1096 597 1174 676 earl,
1194 596 1258 659 and
1274 595 1400 660 Harold

301 709 478 793 AEgelvvine
506 707 701 773 AElfhelmes
731 726 827 769 sunu·
871 698 1402 781 eerl,andYrioearl,andThored

301 831 320 894 Ἰ
354 811 476 876 Sivvord
517 818 561 875 aet
591 809 772 895 Cylleham·
810 826 829 887 Ἰ
872 803 1046 882 oonstable‚
1062 802 1322 885 endAgamnnd,
1338 800 1401 865 and

301 913 442 997 AEgehie
466 913 581 995 Bigga·
621 931 639 993 Ἰ
679 909 833 975 AElfvvord
872 906 984 990 Osgod
1005 906 1116 989 clepa,
1136 904 1201 968 and
1215 905 1317 987 Tofig,
1339 902 1400 966 and

303 1016 513 1097 Koentisoeq
531 1014 680 1079 Eedmaer
697 1013 833 1077 aetBur·
873 1008 1051 1091 AEgelvine
1058 1006 1245 1071 AEifhelm's
1259 1028 1328 1085 son,
1337 1005 1402 1070 and

301 1119 390 1183 ham
416 1137 435 1199 Ἰ
467 1117 548 1181 eelle
576 1118 640 1202 pres
673 1114 834 1199 kyninges
875 1108 1402 1191 Siwordstohilhamandffigel-

303 1221 477 1304 rsedgyian·
490 1218 656 1302 gehadode
665 1237 685 1299 Ἰ
695 1216 834 1281 laevvede·
874 1214 921 1277 rie
931 1214 1048 1297 Bigga,
1060 1212 1281 1277 andAElivvord
1287 1213 1402 1276 Krent-

302 1325 346 1387 ee
382 1324 443 1407 her
477 1321 670 1405 gesamnode
706 1339 833 1384 weron.
874 1316 950 1394 isoe,
960 1315 1025 1379 and
1038 1315 1190 1381 Eadmoer
1203 1324 1238 1379 at
1247 1314 1402 1393 Burham,

303 1424 380 1489 And
419 1424 538 1509 hissera
576 1422 708 1507 gewrita
752 1419 834 1505 synd
875 1418 939 1483 and
953 1418 997 1481 all
1011 1418 1068 1483 the
1082 1417 1403 1501 king'soonnoillors‚

302 1530 390 1613 preo-
411 1530 453 1590 an
467 1526 494 1588 is
509 1526 610 1589 innon
626 1525 748 1589 Cristes
763 1544 834 1608 cyr·
874 1520 1030 1586 ordained
1053 1520 1117 1585 and
1138 1521 1203 1605 lay,
1225 1520 1298 1584 who
1322 1540 1405 1584 vvere

304 1650 395 1693 cean·
413 1629 492 1692 oher
506 1636 549 1693 tet
565 1628 625 1691 She
636 1627 832 1710 Augustius·
874 1626 966 1689 there
975 1623 1164 1689 essemhled.
1186 1624 1264 1687 And
1271 1622 1310 1686 oi
1314 1623 1405 1687 these

304 1728 519 1815 Jpeiiridde
541 1729 570 1792 is
591 1730 668 1793 inne
686 1729 753 1793 mid
771 1732 835 1815 pree
875 1728 1021 1811 writings
1035 1728 1128 1791 there
1141 1748 1196 1791 are
1209 1726 1320 1789 three:
1343 1746 1406 1789 one

304 1833 428 1918 kynges
443 1832 636 1915 heligdome.
876 1827 954 1895 isin
969 1829 1211 1908 Christehnreh,
1223 1826 1358 1892 another
1372 1835 1406 1890 at

878 1932 911 1997 S‘
922 1932 1145 2017 Augustine's,
1158 1930 1223 1995 and
1243 1930 1299 1995 the
1318 1929 1407 1994 third

876 2037 905 2099 is
919 2037 955 2101 in
968 2036 1025 2101 the
1038 2036 1147 2120 king's
1159 2045 1316 2117 treaaury.

740 2218 826 2260 IDEM
843 2218 976 2263 territt.

351 2337 391 2416 ᾤ
409 2334 473 2398 Hie
494 2333 673 2397 declaratur
696 2332 731 2395 in
749 2331 812 2397 hae
833 2334 992 2418 scriptura
1013 2335 1090 2417 qnia
1103 2334 1192 2397 Cnut
1213 2354 1269 2397 nex
1290 2339 1410 2396 terram

306 2435 394 2500 illam
411 2459 483 2519 quae
500 2436 691 2500 Foikestane
705 2435 824 2500 dieitur
841 2436 999 2500 oonoessit
1013 2436 1164 2501 asoclesiae
1182 2434 1306 2501 Christi
1324 2437 1409 2500 Can·

306 2540 429 2619 tuariae,
446 2537 574 2622 quando
587 2537 748 2603 Eadsinus
767 2538 935 2624 presbyter
956 2561 1034 2604 suns
1054 2538 1231 2603 monachus
1252 2538 1298 2603 ibi
1317 2536 1410 2602 effec-

306 2650 360 2706 tus
374 2651 436 2720 est3
457 2663 494 2706 ea
509 2641 658 2706 videlieet
672 2641 894 2720 conventione,
910 2650 949 2706 nt
963 2641 1049 2706 idem
1059 2642 1221 2707 Eadsinns
1235 2641 1412 2706 monachus

306 2743 424 2808 habeat
433 2751 552 2808 terram
566 2743 656 2806 illam
670 2743 826 2826 quamdiu
834 2742 960 2822 vixerit,
970 2751 1101 2827 propter
1108 2742 1333 2808 obedientiam
1347 2765 1412 2826 qua

307 2845 388 2911 bene
402 2847 470 2929 regi
484 2845 623 2910 servivit.
668 2847 712 2909 Et
724 2845 793 2929 ipse
805 2865 873 2908 non
881 2853 988 2929 potest
998 2845 1135 2910 eandem
1146 2853 1268 2910 terrem
1282 2845 1410 2922 donare,

307 2970 367 3013 neo
385 2948 532 3026 vendere,
551 2969 611 3012 neo
627 2947 731 3012 verbis
755 2947 950 3026 forisfacere,
968 2969 1031 3012 neo
1049 2948 1210 3031 extirpare
1234 2946 1275 3012 de
1299 2947 1411 3012 eadem

308 3050 439 3115 ecelesia
453 3049 593 3128 Christi3
618 3048 675 3113 sed
689 3058 763 3133 post
777 3051 848 3134 ejus
863 3049 989 3114 obitum
1004 3058 1058 3114 eat
1077 3058 1164 3114 terra
1182 3050 1219 3114 in
1233 3049 1412 3113 dominium

309 3159 495 3230 eonventus,
519 3152 575 3235 qui
596 3159 675 3216 tuno
697 3153 844 3216 servierit
864 3153 1018 3218 aeeolesiae
1033 3153 1168 3232 Christi,
1183 3174 1258 3217 enm
1281 3153 1358 3216 sake
1378 3159 1413 3215 et

309 3275 414 3332 soene,
425 3262 457 3318 et
468 3275 542 3317 eum
554 3253 702 3318 omnibus
713 3254 809 3318 rebus
818 3277 891 3339 quae
903 3256 991 3338 priua
1007 3255 1049 3320 ad
1062 3255 1198 3320 eandem
1210 3263 1330 3319 terram
1340 3276 1412 3338 per·

310 3355 474 3434 tinebent;
491 3357 642 3439 quoniam
656 3356 792 3422 barones
805 3358 892 3441 regis
906 3357 1057 3424 dicebant
1072 3359 1103 3422 ei
1118 3359 1194 3441 qnia
1208 3358 1285 3422 olim
1300 3357 1413 3422 eedem

310 3468 397 3523 terra
410 3458 559 3522 aeoeloeiae
568 3458 690 3523 Christi
704 3459 767 3523 fuit
778 3461 813 3524 in
827 3461 941 3526 diebus
950 3461 1133 3525 AEiielstani
1147 3460 1232 3544 regis
1246 3469 1280 3526 et
1291 3460 1414 3525 Odonis

311 3561 547 3646 archiepiscopi,
572 3569 606 3626 et
621 3562 688 3645 juri
711 3561 855 3646 ejusdem
884 3564 1035 3628 eeclesiae
1061 3563 1189 3628 sublata
1210 3564 1317 3628 fuerat
1338 3585 1414 3628 cum

311 3686 430 3748 magna
451 3663 619 3747 injustitie.
673 3666 772 3730 Nune
802 3685 880 3748 ergo
909 3665 1055 3730 ooneedit
1085 3665 1154 3749 ipse
1182 3665 1267 3730 hano
1295 3673 1415 3730 terram

311 3769 461 3832 {ecclesiia
476 3769 607 3847 Christi,
624 3790 681 3853 pro
702 3777 823 3833 [eterne
841 3769 1060 3854 redemptione
1075 3770 1192 3834 enimae
1207 3791 1283 3833 suae.
1329 3768 1415 3832 Etsi

312 3871 427 3956 aliquis
449 3872 619 3935 hominum
644 3870 741 3934 fuerit
764 3879 833 3934 tam
859 3870 963 3934 audax
988 3880 1100 3936 eontra
1119 3873 1238 3950 Deum,
1253 3871 1310 3954 qui
1332 3870 1416 3934 hene

311 3976 396 4058 regis
424 3974 679 4038 munificentiam
711 3983 838 4038 mutare
866 3975 1014 4053 voluerit,
1045 3983 1169 4039 avertat
1201 3975 1295 4038 illum
1326 3975 1416 4038 Dens

312 4077 526 4162 Omnipotens
547 4098 566 4139 a
589 4076 715 4160 gaudiis
733 4077 827 4159 regni
846 4077 984 4140 ooelestis
1005 4077 1041 4140 in
1063 4077 1257 4161 profundum
1278 4075 1415 4152 inferni3

312 4182 374 4244 nisi
398 4188 472 4244 ente
494 4180 592 4244 finem
614 4179 786 4262 perfectius
803 4179 1029 4243 emendaverit.
1077 4181 1151 4243 Hoc
1168 4180 1231 4243 fuit
1244 4179 1367 4243 fastum
1381 4177 1417 4239 in

314 4282 431 4347 Suiirie
454 4283 538 4365 apud
560 4283 782 4365 Kyngestune‚
798 4281 833 4343 in
856 4280 908 4343 die
931 4284 985 4344 sio
1008 4282 1228 4346 Pentecosten.
1274 4282 1319 4345 Iit
1340 4281 1417 4345 hnic

312 4386 358 4449 rei
379 4385 440 4449 fuit
465 4385 554 4448 testis
575 4384 707 4468 AElgiua
726 4384 834 4447 Imma
850 4383 991 4448 domina·
1009 4405 1028 4465 Ἰ
1047 4385 1246 4466 AEgelnoiius
1261 4384 1416 4466 archiepi-
