3234 5125
317 442 369 496 402
591 438 912 495 MISGELLANEOUS
931 439 1144 494 CHARTERS.

318 614 549 678 monachorum
564 614 617 693 sit,
633 623 667 678 et
680 613 763 678 nulli
778 614 869 678 laicae
880 634 1024 696 personas
1038 611 1102 676 uisi
1115 612 1185 696 regi
1199 610 1368 689 subdatur,
1387 617 1422 674 et

319 737 507 802 quecunque
521 718 689 802 privilegia
702 717 785 780 inibi
797 717 969 780 instituere
982 715 1122 780 volueris
1132 714 1174 778 ad
1187 715 1343 778 honorem
1357 713 1422 778 Dei

318 820 527 903 pertinencia,
551 821 766 899 concedimus,
785 826 819 884 et
844 817 1067 884 robustissima
1089 817 1281 882 auctoritate
1306 818 1422 881 confir-

318 944 454 1002 mamus,
481 931 515 987 et
538 923 727 988 infractores
757 943 871 987 eorum
899 930 1011 986 eterna
1035 919 1263 985 malediccione
1288 920 1421 983 damna-

319 1027 424 1090 mus.”
471 1027 542 1090 Hec
562 1027 676 1090 etalio
699 1025 868 1110 apostolici
885 1024 1038 1088 mandata
1056 1045 1132 1087 cum
1152 1023 1310 1088 referrent
1329 1021 1422 1086 nobis

318 1127 426 1210 legati,
441 1127 565 1192 interea
579 1128 732 1192 revelavit
747 1128 861 1192 beatus
875 1129 992 1192 Petrus
1011 1127 1140 1192 cuidam
1158 1126 1332 1211 probabilis
1346 1127 1422 1190 vitae

319 1231 477 1295 monacho
500 1231 636 1310 incluso,
651 1229 784 1296 nominc
798 1231 949 1309 Wlfsino‚
964 1231 1166 1294 voluntatem
1185 1251 1278 1293 suam
1296 1251 1367 1292 esse
1383 1239 1423 1292 ut

319 1341 512 1397 restruerem
526 1335 634 1398 locum
650 1333 705 1417 qui
720 1333 840 1398 dicitur
850 1333 1189 1411 westmonasterium,
1206 1332 1293 1416 quod
1307 1355 1327 1395 a
1339 1340 1422 1395 tcm-

318 1457 395 1519 pore
412 1437 525 1501 Sancti
540 1437 726 1520 Augustini,
742 1436 839 1520 primi
854 1437 1035 1519 Anglorum
1057 1435 1208 1519 episcopi,
1223 1435 1422 1513 institutum,

319 1538 484 1622 multaque
505 1547 650 1604 veterum
673 1560 787 1622 regum
814 1539 1036 1604 munificentia
1064 1538 1269 1616 honoratum,
1292 1545 1423 1621 propter

318 1648 514 1704 vetustatem
535 1650 568 1706 et
588 1635 774 1725 frequentes
788 1641 948 1706 bellorum
967 1642 1138 1720 tumultus,
1153 1662 1235 1724 pene
1256 1638 1423 1705 videbatur

319 1743 528 1807 destructum.
582 1744 729 1828 Cumque
753 1744 839 1808 hanc
863 1745 1021 1809 visionem
1050 1744 1131 1807 mihi
1161 1744 1304 1827 meisque
1332 1751 1420 1807 retu·

319 1844 420 1924 lisset,
430 1854 462 1910 et
475 1846 657 1929 apostolicae
671 1847 770 1911 literae
785 1847 912 1930 equalis
925 1855 1075 1931 precepta
1089 1847 1290 1926 detulissent,
1300 1847 1422 1910 contuli

319 1948 517 2012 voluntatem
544 1971 649 2012 meam
679 1971 753 2013 cum
777 1949 942 2013 voluntate
958 1950 1032 2029 Dei,
1047 1959 1089 2028 et,
1109 1971 1183 2013 cum
1200 1949 1306 2013 tocius
1331 1951 1421 2032 regni

319 2051 488 2130 eleccione,
505 2051 613 2116 dodidi
628 2073 681 2115 me
696 2051 738 2115 ad
752 2053 1004 2116 restruccionem
1023 2052 1166 2136 ejusdem
1185 2051 1259 2116 loci.
1305 2053 1422 2136 Itaque

320 2153 472 2218 decimari
492 2155 620 2238 precepi
636 2175 763 2218 omnem
782 2155 1002 2219 substanciam
1024 2177 1140 2234 meam,
1156 2163 1225 2218 tam
1241 2155 1278 2218 in
1296 2176 1375 2218 auro
1388 2163 1421 2218 et

320 2266 454 2342 argento
474 2281 570 2341 quam
590 2259 626 2321 in
639 2259 816 2342 pecudibus
830 2269 864 2323 et
878 2259 966 2322 omni
982 2279 1098 2341 genere
1116 2259 1362 2342 possessionum,
1377 2267 1420 2337 et,

319 2361 487 2425 destruens
501 2369 651 2440 veterem,
668 2384 783 2426 novam
799 2384 819 2425 a
832 2362 1051 2426 fundamentis
1066 2361 1233 2426 basilicam
1247 2363 1420 2440 construxi,

319 2471 353 2527 ct
367 2472 584 2528 constructam
601 2464 739 2528 dedicari
755 2465 817 2528 feci
831 2485 862 2527 v.
881 2464 955 2528 Kal.
968 2466 989 2527 J
991 2465 1126 2543 anuarii,
1143 2465 1178 2527 in
1193 2486 1257 2548 qua
1270 2465 1421 2529 collocavi

319 2568 389 2651 ipsa
409 2570 461 2633 die
483 2570 633 2653 reliquias
653 2591 734 2653 quas
755 2569 920 2634 Martinus
934 2591 1026 2653 papa,
1043 2579 1076 2631 ct
1091 2570 1169 2647 Leo,
1185 2569 1330 2652 quicum
1346 2591 1420 2634 con-

319 2671 465 2750 secravit,
484 2672 642 2736 dederunt
660 2673 801 2736 Aluredo
822 2672 902 2755 regi,
923 2680 956 2735 et
975 2693 1056 2755 quas
1077 2672 1146 2755 ipse
1169 2694 1189 2735 a
1206 2672 1421 2736 Carlomanno

319 2796 394 2856 rege
410 2775 607 2838 Francorum
622 2774 691 2838 dari
715 2775 777 2839 sibi
797 2773 992 2858 impetrarit,
1008 2775 1101 2857 cujus
1122 2775 1223 2838 filiam
1245 2784 1336 2859 pater
1353 2778 1422 2860 ejus

320 2876 508 2941 AEoelwlfus
522 2899 588 2956 rex,
599 2885 671 2961 post
683 2885 821 2941 mortem
836 2878 950 2961 primae
963 2878 1120 2960 conjugis,
1132 2877 1267 2942 duxerat
1276 2900 1420 2958 uxorem,

319 3000 456 3063 quaque
479 2980 519 3043 ab
537 2980 607 3063 ipso
622 2980 662 3043 ad
678 3001 895 3057 successorem
912 2980 982 3063 ejus
996 2981 1236 3060 Ethelstanum,
1251 2982 1366 3047 deinde
1380 2984 1420 3045 ad

320 3083 496 3166 Edgarum,
524 3083 563 3147 ad
587 3084 738 3147 ultimum
763 3082 803 3146 ad
827 3105 886 3147 nos
909 3091 1133 3167 pervenerunt,
1160 3086 1299 3149 scilicet:
1331 3088 1421 3150 Duas

319 3185 544 3267 partes'crucis
556 3184 699 3263 Domini,
710 3193 742 3249 et
751 3194 877 3269 partem
887 3186 984 3249 unius
999 3186 1089 3266 clavi,
1102 3194 1292 3271 partemque
1301 3190 1420 3254 tunicae

320 3288 390 3370 ejus
419 3287 631 3365 inconsutilis,
656 3297 688 3351 et
718 3289 757 3351 de
781 3288 981 3352 vestimentis
1006 3291 1133 3353 Sanctae
1155 3292 1271 3369 Mario,
1293 3300 1326 3355 et
1347 3293 1421 3355 reli·

321 3388 412 3471 quias
427 3390 642 3472 apostolorum
658 3391 747 3454 Petri
762 3398 795 3453 et
810 3391 913 3469 Pauli,
929 3392 1078 3470 Andreae,
1094 3393 1324 3472 Bartholomci,
1340 3396 1417 3458 Bar·

320 3491 425 3570 nabae,
441 3499 473 3554 et
489 3490 625 3554 aliorum
647 3492 862 3575 plurimorum
884 3501 1079 3572 sanctorum,
1095 3504 1128 3558 ct
1147 3495 1289 3578 quinque
1312 3517 1421 3579 capsas

321 3593 392 3657 aliis
409 3600 593 3656 sanctorum
614 3594 760 3677 reliquiis
775 3596 886 3679 plenas
894 3622 903 3674 ς
927 3604 961 3660 et
975 3598 1075 3661 statui
1089 3605 1127 3660 ut
1143 3598 1326 3682 quiosmque
1347 3622 1421 3663 rcus

321 3694 497 3777 majestatis
521 3696 616 3779 regiae
630 3698 680 3761 vel
701 3697 874 3780 cujuslibet
891 3699 1023 3763 alterius
1044 3700 1175 3765 offensae
1197 3702 1239 3764 ad
1260 3701 1367 3766 locum
1386 3703 1422 3765 in

321 3819 384 3881 quo
399 3805 536 3881 pausant
549 3798 620 3861 istae
635 3799 779 3882 reliquia
795 3799 986 3883 confugerit,
996 3802 1065 3887 ejus
1079 3805 1137 3882 roi,
1148 3812 1181 3867 et
1192 3806 1420 3886 membrorum,

321 3922 357 3965 ac
372 3902 437 3964 vite
451 3900 678 3985 impunitatem
693 3910 919 3985 consequatur.
941 3956 948 3972 .
964 3905 1088 3969 Eodem
1103 3905 1155 3970 die
1168 3908 1329 3986 renovavi,
1345 3930 1420 3973 con-

321 4004 455 4083 firmari,
471 4012 504 4068 et
519 4005 684 4069 emendavi
704 4004 869 4088 privilegia
892 4027 955 4088 que
977 4007 1207 4071 famosissimus
1230 4031 1307 4073 aviis
1330 4033 1422 4074 meus

320 4106 497 4189 Eadgarus,
519 4115 716 4191 patruusque
745 4128 847 4185 meus,
878 4109 949 4172 Deo
978 4108 1125 4173 amabilis
1153 4132 1210 4173 rex
1240 4120 1273 4175 et
1298 4122 1423 4198 martyr

321 4209 477 4291 gloriosus
491 4209 714 4289 Eaduuardus,
727 4210 873 4294 ejusdem
887 4210 1028 4293 Eadgari
1041 4213 1137 4292 filius,
1153 4220 1186 4277 et
1200 4216 1422 4279 sanctissimus

321 4319 412 4393 pater
426 4311 619 4375 Dunstanus
640 4312 883 4377 cantuariensis
907 4313 1171 4398 archiepiscopus,
1197 4338 1234 4379 ac
1258 4317 1422 4401 piissimus

321 4433 376 4476 rex
401 4413 603 4492 AEdelredus,
628 4422 718 4497 pater
750 4436 852 4492 meus,
880 4416 928 4495 illi
957 4415 1028 4480 loeo
1057 4418 1265 4482 contulerunt
1272 4447 1283 4497 3
1316 4442 1421 4484 meam
