3234 5125
417 419 420 424 “
479 437 798 496 mscumaunous
818 439 1032 496 caraunus.
1281 439 1317 493 rs

210 609 272 674 sibi
289 609 434 674 omnium
456 609 712 694 supradictarum
727 611 951 675 molestiarum
970 611 1227 696 injuriarumque
1243 631 1316 696 pos-

213 713 339 792 tulavit,
354 735 433 796 quaa
450 713 506 778 ille
525 712 612 776 idem
630 734 687 778 rex
709 713 879 778 coenwulr
895 713 956 778 sibi
976 722 1009 777 et
1026 713 1177 780 ecclesiae
1194 713 1260 798 xpi
1278 735 1316 778 ac

210 816 381 900 parachiae
395 816 465 899 ejus
478 815 591 899 iniqua
609 816 765 898 pravitate
782 823 1006 899 perpetrasset.
1051 817 1142 880 'lime
1157 837 1232 880 vero
1245 836 1314 880 om-

211 918 263 984 nis
280 919 335 982 ille
353 918 494 1004 synodus
512 917 553 982 ad
571 918 757 1002 aequitatem
774 917 977 997 invenerunt,
993 919 1142 1002 huncque
1155 918 1316 1003 judicium

211 1021 366 1086 unanimo
388 1041 547 1088 consensu
567 1021 815 1100 constituerunt,
839 1021 925 1104 quod
946 1021 994 1084 illi
1015 1021 1163 1106 episcopo
1184 1021 1317 1087 reddere

212 1123 320 1187 omnia
340 1122 502 1188 debuisset
522 1123 607 1206 quod
623 1123 776 1189 violentia
793 1123 982 1202 abstulerat,
999 1124 1034 1187 in
1053 1124 1204 1189 omnibus
1220 1123 1316 1188 rebus

211 1225 326 1310 quibus
341 1247 416 1290 cum
430 1225 538 1310 aliqua
552 1226 671 1311 injuria
689 1226 723 1290 in
741 1226 832 1290 omni
851 1225 956 1310 spatio
970 1226 1028 1290 illa
1042 1227 1178 1310 spoliata
1197 1228 1314 1306 fuerat,

213 1336 246 1392 et
261 1328 396 1392 alteram
414 1328 553 1395 similem
568 1335 693 1412 partem
708 1328 749 1391 ad
763 1328 825 1392 hoc
838 1328 944 1411 ipsum
960 1328 1123 1412 adjecisse,
1138 1338 1172 1393 et
1185 1351 1316 1395 omnem

213 1452 306 1495 usum
322 1430 508 1496 emendasse
523 1431 580 1514 qui
599 1431 634 1494 in
653 1431 724 1515 ipsa
742 1431 848 1515 spatio
862 1431 1026 1496 confracta
1039 1431 1155 1497 fuerat.
1200 1433 1318 1496 Postea

213 1541 322 1598 autem
336 1532 456 1617 placuit
471 1532 677 1600 Beornwsdfo
692 1533 769 1616 regi,
780 1553 839 1616 pro
852 1533 994 1597 amicitia
1008 1532 1196 1598 hereditatis
1210 1535 1315 1600 Coen-

214 1635 299 1698 wulfi
319 1635 404 1718 regis
423 1635 620 1719 heredesque
639 1635 737 1714 illius,
755 1657 831 1700 cum
851 1635 918 1698 anis
934 1636 1142 1719 sapientibus,
1160 1637 1218 1702 illo
1235 1658 1315 1721 pras·

213 1738 380 1802 nominato
400 1738 637 1822 archiepiscopo
655 1737 792 1802 istarum
813 1737 1069 1822 supradictarum
1082 1759 1192 1804 rerum
1205 1759 1316 1804 recon-

213 1839 409 1904 ciliationem
439 1849 472 1906 et
508 1841 765 1908 emendationem
802 1841 1047 1924 diligentissime
1078 1842 1183 1907 facere
1209 1841 1316 1908 decre·

213 1941 321 2026 visset,
347 1942 526 2028 humilique
553 1964 655 2026 prmce
677 1943 871 2027 deposcebat
892 1950 929 2007 ut
950 1945 1026 2009 huic
1048 1945 1317 2026 reconciliatione,

213 2066 271 2130 pro
292 2065 401 2110 amore
423 2047 487 2112 Dei
508 2055 541 2110 et
563 2045 705 2110 amicitia
721 2045 807 2110 illius
829 2046 995 2126 adunaret,
1010 2048 1086 2131 quia
1105 2047 1267 2114 hereditas
1284 2056 1318 2113 et

212 2149 303 2212 heres
327 2149 397 2233 ejus
419 2150 461 2213 ad
484 2149 726 2214 intercessorem
746 2157 779 2214 et
805 2149 847 2213 ad
865 2157 1031 2234 patronem
1055 2171 1130 2215 eum
1153 2152 1316 2236 expetivit.

215 2251 290 2316 Hoc
303 2260 353 2315 est
368 2260 405 2315 ut
419 2259 539 2316 terram
560 2271 589 2316 c.
606 2254 747 2316 manent.
763 2251 799 2316 in
818 2260 972 2335 quattuor
989 2252 1070 2317 locis
1086 2254 1246 2338 suscipere
1261 2255 1316 2320 de·

212 2354 380 2437 precabat:
407 2354 442 2418 id
463 2363 513 2418 est
535 2364 578 2419 aet
599 2355 738 2438 Hearge,
760 2355 975 2438 Herefreding
993 2355 1082 2435 lond,
1103 2375 1123 2438 ῃ
1145 2364 1187 2420 aet
1206 2357 1317 2422 Wem·

213 2457 345 2539 balea]
362 2465 404 2522 aet
419 2457 678 2541 Gaddincggum.
722 2459 763 2522 In
778 2466 941 2542 postremo
955 2467 1065 2522 autem
1080 2459 1135 2526 ille
1148 2460 1317 2543 praeuomi-

213 2569 309 2625 natirs
324 2561 491 2649 episcopus
510 2562 597 2625 illius
611 2562 696 2645 regis
714 2561 960 2645 allegationibus
981 2561 1235 2641 accommodans,
1251 2584 1317 2627 non

214 2672 323 2728 umen
346 2672 523 2748 spontanea
541 2663 719 2743 voluntate,
740 2664 796 2729 sed
815 2684 875 2747 pro
894 2684 1003 2727 amore
1022 2665 1086 2728 Dei
1106 2672 1139 2728 ct
1156 2666 1318 2730 amicabili

214 2766 358 2831 amicitia
379 2766 467 2829 illius
488 2766 583 2850 regis,
607 2766 691 2833 hanc
712 2765 900 2850 predictam
924 2764 1218 2829 reconoihationem
1239 2788 1316 2831 cou-

214 2868 381 2937 sentiendo
396 2869 595 2953 suscepisset,
611 2877 649 2932 ut
663 2869 719 2931 illa
733 2867 893 2933 abbatissa
904 2867 1117 2953 Owoenerye,
1132 2868 1200 2933 filia
1214 2869 1317 2933 Coen-

214 2972 311 3051 wulfi,
339 2972 493 3055 heresque
515 2972 602 3035 illius
627 2971 711 3037 hanc
740 2970 925 3055 predictam
955 2978 1073 3033 terram
1095 2972 1262 3054 conputati
1288 2992 1317 3035 c.

215 3077 357 3141 masne
384 3076 441 3141 illo
471 3074 707 3158 archiepiscopo
736 3096 809 3139 cum
839 3072 975 3158 propriis
1003 3082 1036 3138 et
1065 3073 1206 3156 antiquis
1234 3073 1317 3137 telli-

215 3178 353 3263 graphis,
369 3184 402 3243 et
420 3198 495 3243 cum
513 3176 626 3241 eadem
641 3177 790 3241 libertate
805 3196 904 3260 quam
924 3183 1001 3239 aute
1017 3176 1183 3254 habuerat,
1198 3176 1234 3239 in
1247 3198 1318 3261 per-

214 3288 344 3365 petuam
367 3280 579 3347 hereditatcm
603 3280 645 3344 ad
670 3278 852 3345 habendam
872 3286 906 3343 et
927 3278 1162 3362 possidendam,
1184 3288 1320 3362 postque

177 3424 180 3429 ,
215 3384 283 3449 dies
305 3384 375 3469 ejus
397 3384 589 3468 cuicumque
610 3382 642 3447 ei
663 3382 820 3466 placuerit
845 3381 1111 3465 dereliquendum
1132 3381 1318 3447 tradiderat.

215 3487 354 3571 Insuper
368 3486 466 3550 etiam
481 3485 536 3551 ille
552 3484 742 3550 Beornwulf
757 3504 823 3563 rex,
839 3506 915 3549 cum
924 3483 1110 3548 testimonio
1125 3483 1321 3569 consilioque

215 3588 359 3672 ejusdem
377 3588 504 3674 synodi,
524 3588 614 3653 illam
636 3594 768 3665 terram,
787 3608 850 3670 que
871 3594 947 3650 ante
965 3607 1033 3651 non
1050 3586 1156 3651 fuerat
1174 3586 1321 3668 liberata,

214 3690 311 3775 hujus
325 3691 497 3775 praedictae
512 3690 694 3755 donationis
712 3688 824 3755 eadem
843 3688 994 3753 libertate
1008 3688 1166 3754 liberabat
1185 3689 1269 3755 sicut
1287 3698 1321 3755 et

216 3792 316 3857 altera
330 3800 417 3857 terra
432 3801 475 3857 set
492 3794 623 3874 Hearge
632 3790 827 3876 jamdudum
841 3791 977 3856 liberata
990 3792 1106 3870 meret,
1123 3792 1207 3856 etin
1222 3792 1322 3857 altera

215 3894 346 3959 kartula
361 3895 544 3979 conscripta
557 3895 706 3959 habetur.
753 3892 819 3957 Sed
839 3893 950 3957 statim
964 3893 1028 3957 ista
1040 3893 1195 3978 praedicta
1208 3913 1320 3958 recon-

214 3998 335 4063 ciliatio
356 3998 520 4063 confracta
539 3996 769 4081 est,quiaxr1.
791 3994 957 4060 mensibus
975 3996 1070 4060 istius
1086 3995 1323 4079 praenominati

214 4108 309 4165 terrae
329 4121 385 4165 111.
401 4108 570 4165 manentes
592 4099 752 4166 abstracte
771 4108 858 4179 sunt,
873 4098 1035 4181 librosque
1056 4117 1161 4161 xuvn.
1177 4100 1322 4161 manent.

215 4204 250 4267 in
272 4203 377 4268 tribus
397 4203 477 4268 locis
496 4202 622 4268 reddita
643 4223 710 4267 non
724 4201 877 4266 fuerunt:
899 4200 961 4265 hoc
980 4208 1031 4264 est
1047 4208 1090 4264 aet
1112 4200 1320 4283 Boclonde]

215 4316 258 4371 aet
271 4306 471 4385 Wembalea,
486 4326 505 4389 Ἰ
523 4315 565 4370 aet
582 4304 800 4388 Herefreiiing
815 4304 920 4368 londa.
966 4304 1166 4385 Iterumque,
1182 4304 1322 4367 secundo

215 4431 300 4474 anno
315 4418 486 4494 postquam
501 4410 569 4475 hsce
584 4408 693 4474 omnia
711 4408 757 4473 ita
775 4414 904 4491 peracta
918 4414 1010 4507 aaut,
1021 4405 1089 4469 haec
1110 4404 1221 4469 eadem
1236 4409 1321 4471 aaut.
