3234 5125
502 425 1053 489 MISCELLANEOUS'CHARTERS.
1279 439 1333 492 401

225 605 369 684 oonsilio,
384 605 544 689 rogabant
558 627 610 670 me
630 615 666 669 ut
684 606 725 671 ab
744 607 804 670 bac
824 607 1009 671 intencione
1023 608 1222 688 desisterem,
1237 610 1330 692 polli-

224 717 333 773 centes
358 731 393 774 se
412 709 631 774 satisfacturos
647 711 718 773 Deo
735 731 793 794 pro
808 718 884 773 voto
910 731 993 788 meo,
1010 717 1077 774 tam
1101 711 1136 774 in
1159 712 1330 775 missarum

224 819 258 875 et
275 813 462 876 oracionum
482 812 647 876 oblacione
669 834 765 896 quam
786 812 820 874 iu
842 813 1092 876 elemosinarum
1114 813 1205 897 larga
1221 815 1329 879 distri-

225 915 370 979 bucione.
422 915 486 979 Sed
510 937 585 979 cum
604 916 722 979 obnixe
744 916 1009 994 contradicerem,
1031 916 1162 981 tandem
1185 918 1329 1001 utrisque

224 1018 354 1099 placuit,
365 1025 402 1080 ut
416 1019 624 1082 mitterentur
638 1018 736 1101 legati
751 1018 817 1081 duo
832 1018 872 1082 ab
887 1027 1024 1102 utraque
1039 1028 1139 1102 parte,
1150 1021 1329 1085 Ealdredus

224 1129 258 1184 et
277 1122 503 1184 Heremanuus
521 1122 673 1206 episcopi,
693 1130 726 1184 et
751 1121 884 1185 abbates
898 1122 1077 1186 Wulfrious
1096 1131 1129 1187 et
1144 1124 1326 1202 AElfwinus,

223 1225 279 1307 qui
302 1225 476 1307 apostolico
500 1245 603 1288 meam
624 1224 824 1288 voluntatem
847 1233 881 1287 et
906 1225 1017 1288 votum
1041 1232 1074 1288 et
1094 1226 1225 1289 illorum
1244 1228 1326 1310 peti-

223 1328 347 1392 cionem
363 1329 544 1392 indicarent
552 1353 561 1406 ;
585 1335 619 1392 et
634 1327 812 1391 secundum
827 1329 896 1411 ejus
911 1329 1118 1406 sentenciam,
1133 1351 1230 1411 quam
1246 1330 1326 1393 mihi

222 1430 399 1510 mandaret,
422 1431 553 1515 promisi
575 1451 628 1494 me
649 1431 783 1495 omnino
803 1431 974 1494 facturum.
1021 1432 1157 1496 Factum
1178 1442 1228 1495 est
1249 1454 1326 1516 ergo

222 1533 308 1615 quod
322 1534 492 1612 voluimus,
509 1541 542 1597 et
562 1533 726 1597 venientes
746 1534 884 1596 Romam
904 1533 1002 1616 legati
1025 1534 1139 1612 nostri,
1161 1556 1198 1598 ex
1214 1535 1325 1599 volun-

221 1645 289 1700 tate
319 1637 390 1716 Dei,
421 1637 615 1701 invenenmt
646 1635 813 1700 collectam
839 1633 998 1719 synodum
1028 1636 1063 1698 in
1092 1637 1204 1699 eadem
1233 1638 1323 1702 urbe.

222 1739 370 1822 Cumque
390 1739 610 1823 exposuissent
632 1760 736 1801 meam
752 1730 952 1802 voluntatem
972 1747 1005 1801 et
1020 1759 1113 1802 snam
1132 1740 1325 1822 peticionem

221 1861 330 1905 coram
345 1863 426 1905 con.
442 1842 598 1925 episcopis
613 1850 646 1905 et
664 1841 727 1904 alia
744 1840 957 1903 multitudine
978 1849 1164 1904 sanctorum
1186 1851 1324 1926 patrum,

221 1953 300 2010 tunc
323 1946 526 2029 apostolicus,
543 1966 582 2008 ex
597 1945 746 2008 consultu
767 1952 888 2006 sanctae
913 1944 1038 2028 synodi,
1054 1944 1137 2008 hanc
1157 1945 1324 2028 epistolam

221 2048 301 2110 mihi
323 2048 469 2130 scripsitz
494 2048 592 2111 “Leo
616 2047 792 2130 episcopus,
809 2067 919 2109 servus
938 2068 1101 2111 servorum
1117 2048 1190 2126 Dei,
1206 2049 1324 2112 dilecto

221 2150 287 2213 filio
303 2150 496 2213 Eaduuardo
511 2149 691 2231 Anglorum
707 2149 786 2230 regi,
803 2149 940 2212 salutem
955 2158 988 2212 et
1003 2150 1212 2232 apostolicam
1227 2150 1323 2215 bene·

221 2253 404 2316 dictionem.
451 2252 611 2318 Quoniam
637 2251 836 2314 voluntatem
862 2259 952 2315 tuam
975 2251 1169 2316 laudabilem
1193 2262 1226 2316 et
1252 2255 1323 2318 Deo

220 2364 345 2438 gratam
361 2356 558 2438 agnovimus,
573 2353 692 2437 gratias
708 2354 833 2436 agimus
853 2354 883 2416 ei
897 2374 954 2437 per
969 2376 1066 2437 quem
1080 2376 1171 2438 reges
1185 2367 1323 2440 regnant

220 2467 253 2521 et
267 2459 426 2543 principes
437 2458 525 2542 justa
540 2457 726 2521 decernunt.
767 2455 830 2518 Sed
847 2456 923 2538 qnia
936 2478 1034 2540 prope
1048 2465 1098 2520 est
1112 2458 1273 2523 Dominus
1287 2461 1322 2524 in

220 2564 308 2626 omni
331 2562 403 2627 loco
426 2559 576 2626 omnibus
598 2558 824 2624 invocantibus
850 2582 925 2623 eum
948 2559 981 2623 iu
1002 2562 1147 2640 veritate,
1164 2571 1197 2627 et
1218 2566 1322 2629 sancti

220 2666 356 2749 apostoli
378 2686 452 2729 cum
475 2685 533 2728 suo
553 2663 657 2746 capite
672 2663 837 2746 conjuncti
852 2683 937 2725 unus
952 2663 1083 2746 spiritus
1103 2672 1189 2744 sunt,
1204 2673 1239 2729 et
1252 2667 1321 2750 pias

219 2790 328 2852 preces
343 2767 498 2850 equaliter
514 2766 666 2843 audiunt,·
690 2772 723 2829 et
738 2764 814 2847 quia
829 2772 955 2828 constat
969 2766 1143 2849 periclitari
1156 2768 1321 2850 regionem

99 2922 105 2933 .
220 2872 393 2953 Anglicam
407 2892 446 2935 ex
457 2876 515 2933 tua
531 2868 732 2946 discessione,
749 2869 805 2951 qui
820 2868 911 2932 freno
922 2869 1053 2952 justicie
1067 2870 1237 2934 sediciosos
1251 2874 1321 2956 ejus

219 2982 327 3039 motus
342 2972 482 3049 cohibes,
498 2992 537 3035 ex
561 2972 753 3035 auctoritate
769 2971 883 3053 Deiet
896 2980 1082 3035 sanctorum
1104 2974 1322 3057 apostolorum

219 3086 252 3141 et
271 3085 390 3141 sanetae
410 3075 534 3158 synodi,
550 3074 743 3139 absolvimus
757 3082 791 3137 te
806 3098 827 3138 a
839 3083 970 3157 peccato
987 3075 1074 3138 illius
1088 3076 1165 3155 voti,
1182 3098 1241 3160 pro
1254 3100 1320 3162 quo

220 3180 283 3245 Dei
305 3180 459 3244 offensam
482 3178 588 3256 times,
613 3186 646 3240 et
672 3178 712 3241 ab
737 3177 888 3240 omnibus
907 3177 1118 3260 negligenciis
1143 3187 1177 3243 et
1199 3180 1317 3264 iniqui-

218 3284 339 3348 tatibus
356 3282 448 3358 'tuis3
474 3302 512 3345 ea
534 3280 688 3344 nimirum
714 3280 868 3363 potestati
889 3281 951 3358 nsi,
976 3302 1073 3363 quam
1099 3282 1259 3347 Dominus
1283 3286 1319 3347 in

218 3386 312 3451 beato
330 3387 428 3449 Petro
452 3384 607 3447 concessit
630 3382 733 3460 nobis,
758 3382 878 3459 dicens,
904 3383 1135 3467 “Queounque
1160 3385 1319 3450 solveritis

217 3498 456 3574 superterram,
473 3486 577 3551 soluta
597 3493 691 3549 erunt
709 3484 791 3549 etin
811 3484 932 3548 coelis.”
978 3486 1105 3550 Deinde
1125 3488 1319 3573 precipimus

217 3594 289 3671 tibi,
302 3592 361 3657 sub
376 3590 507 3655 nomine
519 3598 629 3653 sancte
643 3587 839 3652 obedienciae
854 3595 886 3651 et
900 3588 1099 3671 penitenciae,
1112 3598 1150 3654 ut
1164 3612 1317 3676 expensas

216 3718 294 3780 quas
319 3696 358 3759 ad
380 3695 444 3757 iter
457 3693 543 3756 istud
564 3712 740 3775 paraveras,
756 3690 948 3774 pauperibus
963 3713 1084 3776 eroges,
1100 3702 1134 3757 ct
1148 3695 1318 3759 cenobium

217 3801 458 3876 monachorum,
477 3797 509 3859 in
534 3796 655 3859 honore
677 3795 788 3858 Sancti
803 3794 892 3857 Petri
914 3796 1130 3877 apostolorum
1152 3798 1315 3881 principis,

195 3888 273 3968 ¹aut
296 3924 415 3966 novum
441 3906 617 3976 construas,
642 3906 698 3965 aut
714 3903 878 3960 vetustum
901 3896 1051 3961 emendes
1075 3904 1109 3961 et
1135 3919 1262 3981 augeas,
1284 3908 1317 3962 et

217 4005 443 4088 sufficienciam
458 4002 645 4067 victualium
668 3998 822 4063 fratribus
841 3998 882 4062 de
904 3998 970 4062 tuis
995 3998 1173 4063 redditibus
1197 4002 1315 4065 consti-

216 4118 297 4186 tuas,
321 4107 472 4190 quatinus
498 4103 575 4167 dum
599 4102 647 4165 illi
673 4101 798 4165 assidue
821 4101 902 4164 inibi
924 4101 1032 4165 Deum
1054 4100 1266 4180 laudaverint,
1283 4111 1316 4167 et

216 4211 336 4275 sanctis
362 4215 518 4291 augeatur
533 4205 634 4289 gloria
657 4212 690 4268 et
712 4203 771 4268 tibi
795 4202 1009 4287 indulgencia.
1055 4202 1117 4266 Cui
1136 4203 1207 4266 loco
1226 4205 1314 4287 quic.

216 4313 294 4397 quid
309 4311 493 4387 contuleris,
509 4309 559 4372 vel
574 4306 727 4372 collatum
743 4314 801 4384 est,
816 4306 866 4369 vel
886 4304 1078 4382 conferetur,
1099 4311 1257 4368 atratum
1272 4308 1315 4370 sit

215 4415 389 4501 apostolica
418 4412 612 4477 auctoritate
640 4410 845 4493 precipimus,
875 4416 908 4471 et
937 4415 976 4469 ut
1004 4428 1130 4489 semper
1158 4407 1317 4475 habitatio
1404 4398 1412 4423 ³

1082 4512 1103 4574 2
1119 4531 1140 4575 c
