3234 5125
316 416 369 471 258
590 418 912 476 MISOELLANEOUS
930 418 1144 476 GHAR'I'ERS.

317 596 440 653 oeterna
464 590 619 675 theorice
643 592 863 658 emolumenta
890 592 1045 657 lucrando
1068 590 1205 655 mereari
1230 590 1424 669 desiderans,

191 699 195 706 '
318 692 480 775 quoddam
494 715 550 759 rus
564 716 585 758 a
598 694 783 779 supradicta
792 694 1013 760 Wintcniensi
1028 693 1171 759 ecclesia
1185 694 1308 778 injusta
1322 715 1425 778 quon·

319 793 394 858 dam
416 818 436 860 a
458 796 654 881 philargiriis
683 798 880 863 abstractum
904 798 1026 882 rapina,
1050 795 1236 886 Apelwoldo
1259 797 1426 861 obtinente

318 898 455 980 presule,
471 898 512 962 ab
532 899 589 963 illo
610 900 667 984 qui
687 901 809 985 injuste
823 900 1009 985 possederat
1019 901 1110 984 justo
1126 899 1280 983 arripiens
1291 899 1425 985 judicio,

317 1000 469 1065 'lbinitati
480 1002 661 1067 reverendas
671 1003 805 1087 ejusque
820 1003 972 1087 apostolis
983 1004 1081 1067 Petro
1091 1002 1233 1068 etPaulo
1243 1001 1426 1067 humillima

317 1102 454 1168 reddens
476 1106 613 1169 restituo
640 1105 821 1185 devotione,
848 1126 899 1169 xa.
925 1105 1074 1169 videlicet
1098 1114 1248 1185 emeatus,
1272 1105 1345 1170 loco
1371 1106 1425 1189 qui

318 1206 436 1270 celebri
449 1207 617 1273 Alreslord
642 1208 831 1273 nominatur
853 1208 1019 1273 vocabulo.
1064 1208 1153 1271 Nam
1176 1229 1233 1273 rex
1256 1208 1425 1291 religiosus

319 1307 493 1391 cynewalh
518 1317 734 1394 nuncupatus,
758 1332 778 1374 a
801 1309 915 1375 Birino
938 1309 1091 1394 pontifice
1116 1310 1192 1374 fidei
1217 1311 1425 1375 sacramentis

318 1411 474 1492 imbutus,
489 1412 576 1477 idem
596 1435 663 1492 rus,
680 1414 715 1476 in
735 1413 920 1478 Christiane
942 1412 1108 1495 religionis
1131 1412 1270 1491 exordio,
1285 1412 1425 1497 praefatae

319 1514 383 1577 Dei
404 1514 553 1579 aecclesiae
570 1537 690 1598 magna
711 1515 813 1579 animi
832 1514 969 1597 largitus
985 1521 1035 1579 est
1050 1513 1220 1579 devotione
1229 1541 1239 1593 3
1263 1513 1325 1579 hoc
1339 1515 1424 1579 idem

320 1615 483 1698 Ecgbirct,
498 1618 600 1700 regali
621 1618 723 1682 fretus
745 1626 928 1697 stemmate,
944 1638 1028 1682 nova
1044 1618 1200 1683 territorii
1214 1618 1426 1682 consolidavit

319 1719 453 1783 cartula.
486 1720 628 1786 Quidam
643 1720 815 1804 aliquando
829 1720 982 1804 predicte
995 1720 1139 1805 pontifex
1151 1720 1291 1785 basilicae
1306 1741 1325 1783 a
1339 1721 1425 1785 notis

320 1822 495 1885 Denewulf
511 1832 726 1908 nuncupatus,
741 1824 869 1889 cuidam
885 1824 1138 1909 propinquorum
1155 1846 1287 1888 suorum
1302 1824 1425 1889 AElfred

320 1925 470 2004 vocitato,
485 1934 618 1990 eatenus
639 1949 713 1992 cum
728 1948 887 1991 consensu
901 1928 1132 1992 ecclesiastice
1147 1928 1278 1991 familiar
1301 1949 1425 1992 accom-

320 2027 473 2106 modavit,
487 2038 526 2092 ut
541 2029 634 2092 annis
653 2029 789 2114 singulis
808 2052 943 2094 censum
962 2030 1066 2095 tocius
1086 2030 1212 2095 telluris
1227 2031 1293 2095 vita
1307 2030 1424 2095 comite

320 2130 383 2194 rite
405 2131 619 2213 persolveret:
649 2132 678 2195 is
702 2133 852 2218 equidem
874 2133 1030 2217 insipiens
1055 2133 1241 2197 adulterans
1264 2140 1423 2217 stuprum,

320 2234 483 2317 propriam
511 2235 659 2317 religiose
690 2243 851 2319 pactatam
882 2236 1081 2315 abominans,
1109 2242 1248 2299 scortum
1278 2235 1425 2317 diligens,

320 2337 492 2401 libidinose
512 2338 687 2403 commisit.
741 2338 817 2405 Quo
840 2346 931 2403 reatu
955 2338 1045 2403 omni
1074 2337 1255 2401 substantia
1277 2337 1426 2421 pecudiali

319 2448 407 2504 recte
421 2440 564 2522 privatus
579 2447 638 2518 est,
648 2448 681 2504 et
695 2428 860 2525 prefatum
872 2462 927 2505 rus
942 2441 983 2505 ab
994 2462 1033 2505 eo
1048 2440 1245 2505 abstractum
1259 2460 1316 2503 rex
1330 2438 1427 2523 hujus

319 2542 433 2627 patriis
458 2565 525 2608 suae
547 2542 671 2609 ditione
699 2544 812 2610 aridus
835 2544 986 2610 devenire
1014 2545 1135 2630 injuste
1160 2542 1300 2628 optavit:
1333 2542 1424 2627 eujus

274 2693 277 2700 ·
319 2647 465 2711 aviditati
480 2648 588 2732 presul
605 2647 807 2732 supradictum
821 2649 955 2712 minime
970 2647 1184 2726 consentiens,
1196 2647 1281 2710 datis
1295 2656 1425 2711 centum

320 2750 437 2833 viginti
454 2751 525 2814 anri
539 2751 711 2830 murrensis,
727 2750 914 2834 predictam
929 2751 1079 2814 tellurem
1097 2750 1138 2813 ad
1152 2771 1231 2812 usus
1251 2749 1424 2833 presulum

320 2853 544 2918 sansfaciendo
565 2853 716 2917 ecclesiae
731 2853 794 2918 Dei
818 2853 982 2918 restituit:
1007 2853 1198 2916 succedente
1218 2851 1327 2934 itaque
1342 2859 1425 2915 tem·

319 2976 397 3039 pore
420 2955 596 3039 supradicti
619 2955 757 3019 adulteri
780 2963 815 3020 et
835 2956 983 3020 scelerati
1008 2955 1103 3034 lilius,
1124 2955 1204 3019 falso
1227 2953 1337 3018 dicens
1357 2975 1425 3018 esse

319 3058 382 3122 sibi
406 3057 563 3137 naturale,
580 3078 638 3121 suo
657 3058 779 3140 injuste
801 3058 965 3123 subiciens
988 3057 1131 3124 dominio
1153 3056 1194 3121 ab
1214 3057 1348 3122 ecclesia
1362 3057 1425 3122 Dei

319 3167 583 3245 presumptuosus
597 3159 741 3244 arripuit,
754 3160 1045 3243 hereditariamque
1060 3159 1217 3224 cartrrlam
1230 3159 1322 3223 novis
1337 3160 1425 3224 litte·

320 3285 429 3326 rarum
452 3262 606 3346 apicibus,
622 3284 697 3346 rege
711 3263 860 3329 Eadredo
873 3285 955 3328 eum
973 3263 1090 3327 animle
1114 3284 1180 3326 suae
1203 3262 1425 3327 consentiente

319 3364 471 3449 pericu10,
484 3364 639 3429 daemonis
649 3365 808 3429 instinctu
819 3365 994 3430 fascinatus
1003 3365 1115 3430 edidit.
1148 3365 1230 3432 Quae
1245 3365 1345 3448 igitur
1356 3387 1424 3428 car-

319 3469 399 3546 tula,
415 3473 449 3531 et
463 3488 574 3531 omnes
589 3468 645 3551 qui
661 3468 693 3532 ei
711 3489 792 3532 amu
806 3467 1028 3534 consenserint
1043 3468 1225 3547 temerario,
1241 3468 1278 3532 in
1292 3467 1427 3533 Domini

318 3569 544 3634 maledictione
551 3579 761 3653 permaneant
770 3579 804 3635 et
813 3573 903 3636 nullo
912 3593 1067 3656 umquam
1077 3579 1222 3655 tempore
1233 3572 1274 3634 ad
1285 3571 1426 3655 aliquam

319 3673 495 3738 utilitatem
509 3673 683 3756 perveniat.
718 3675 823 3739 Vetus
839 3696 979 3758 namque
994 3683 1027 3740 et
1041 3675 1109 3739 haec
1123 3696 1207 3739 nova
1221 3695 1318 3759 quam
1339 3673 1425 3738 edidi

319 3777 443 3842 cartula
452 3776 576 3859 jugiter
590 3776 714 3840 Christi
728 3777 939 3862 omniumque
950 3778 1074 3863 judicio
1089 3777 1234 3842 fidelium
1255 3778 1426 3842 incolumis

318 3881 497 3966 prevaleat,
522 3880 702 3945 adulterina
724 3903 821 3965 quam
845 3881 969 3965 predixi
991 3882 1115 3947 cartula
1134 3890 1255 3946 aeterna
1272 3881 1426 3966 dampna-

318 3985 408 4048 tione
431 3984 472 4046 ad
495 3983 653 4046 nichilum
672 3983 814 4063 redacta,
835 3992 868 4047 et
883 3984 1120 4068 imperpetuum
1144 3985 1425 4048 anathematizata.

319 4089 357 4152 Si
374 4086 446 4171 quis
460 4086 561 4169 igitur
578 4086 662 4150 hanc
677 4094 823 4182 nostram
845 4086 1026 4170 largifluam
1043 4109 1160 4171 augere
1174 4087 1313 4152 voluerit
1327 4087 1426 4151 dotia-

254 4226 258 4231 -
317 4191 453 4267 tionem,
469 4194 586 4270 augeat
605 4187 674 4271 ejus
689 4188 851 4252 Dominus
871 4198 904 4253 et
923 4190 1024 4254 vitam
1047 4199 1081 4255 et
1100 4191 1357 4276 prosperitatem,
1373 4191 1427 4254 hie

318 4292 399 4356 etin
414 4291 546 4354 futuro:
570 4289 626 4372 qui
651 4297 760 4354 autem
782 4288 987 4358 lenocinante
1009 4293 1137 4360 diabolo
1164 4294 1250 4358 fastu
1272 4293 1428 4378 superbiae

315 4395 457 4473 inflatus,
473 4400 583 4455 nostra
605 4391 724 4456 violare
744 4393 795 4457 vel
817 4395 963 4459 minuere
988 4398 1220 4479 presumpserit
1244 4404 1376 4475 statuta,
1392 4397 1428 4459 in
