3234 5125
303 437 339 490 86
581 433 903 492 MISOELLANEOUS
923 435 1139 492 CHARTERS.

304 607 495 674 auctoritate
521 607 730 686 confirmatis,
748 607 944 672 calumniam
965 628 1086 692 ponere
1107 607 1246 672 voluerit
1265 607 1301 670 in
1319 606 1409 672 hitu-

302 732 387 788 rum,
396 732 448 774 me
463 719 496 775 et
511 731 708 776 sumessores
723 731 823 789 meos,
835 731 927 794 reges
941 711 1150 790 Merciorum,
1160 709 1313 794 profiteor
1328 731 1409 793 prae·

303 813 388 878 senti
410 813 631 898 chirographo,
656 821 689 878 et
718 813 881 897 polliceor,
906 813 985 878 dicti
1008 813 1197 878 monasterii
1222 812 1350 878 futuros
1374 812 1411 876 in

304 924 495 1000 perpetuum
509 916 703 981 defensores.

349 1022 390 1101 »1⁴
405 1018 500 1084 Istud
515 1017 761 1102 chirographum
777 1017 909 1082 domino
932 1017 1074 1082 Siwardo
1093 1017 1204 1082 abbati
1224 1037 1298 1082 meo
1314 1016 1409 1101 patri,

304 1128 338 1185 et
357 1120 569 1185 Etheldrithae
583 1119 794 1184 sanctissimae
808 1120 935 1201 virgini,
951 1141 1009 1203 pro
1024 1119 1147 1186 Christi
1165 1140 1275 1184 amore
1289 1118 1409 1182 ibidem

303 1222 446 1302 reclusae,
462 1243 558 1288 carne
573 1223 703 1307 quidem
721 1230 867 1305 cognatae
881 1244 971 1303 meae,
987 1222 1053 1302 sed,
1068 1223 1155 1306 quod
1171 1223 1277 1306 majus
1299 1229 1358 1301 est,
1374 1221 1409 1285 in

304 1325 435 1390 Christo
449 1325 643 1390 charissimae
660 1325 773 1404 sorori,
788 1325 952 1408 quondam
970 1325 1175 1410 promissum,
1191 1325 1412 1409 inpraesentia

304 1429 508 1494 dominorum
527 1449 674 1494 meorum
693 1427 830 1511 Egberti
852 1428 939 1512 regis
957 1430 1052 1493 West
1073 1429 1221 1494 Saxonioe
1243 1439 1277 1494 et
1294 1428 1410 1493 Athel-

304 1531 424 1616 wulphi
447 1531 507 1596 filii
526 1531 606 1615 ejus,
621 1551 729 1596 coram
751 1530 957 1613 pontificibus
978 1539 1013 1594 et
1028 1532 1214 1615 proceribus
1232 1531 1411 1616 majoribus

304 1634 405 1699 totius
427 1633 566 1717 Angliae,
592 1633 627 1698 in
656 1633 788 1698 civitate
814 1632 987 1698 Lundonia
1008 1634 1067 1698 ubi
1089 1655 1201 1699 omnes
1225 1634 1411 1719 congregati

305 1759 416 1802 sumus
437 1759 496 1821 pro
517 1736 650 1802 consilio
670 1735 827 1819 capiendo
846 1744 961 1800 contra
979 1737 1123 1802 Danicos
1143 1737 1262 1821 piratas
1281 1737 1411 1821 Angliai

302 1841 414 1905 littora
442 1839 568 1904 assidue
591 1839 791 1917 infestantes,
815 1839 909 1922 signo
930 1831 1050 1904 mactae
1079 1839 1182 1906 crucis
1212 1840 1409 1906 confirmavi.

306 1947 346 2026 ›1‹
361 1945 433 2028 Ego
463 1942 642 2008 Celnothus
675 1941 934 2026 archiepiscopus
964 1943 1222 2009 Dorobornensis
1251 1942 1409 2008 consului.

306 2050 346 2129 ›1‹
361 2048 432 2130 Ego
469 2045 636 2112 Enbaldus
672 2044 885 2109 Eboracensis
922 2044 1181 2130 archiepiscopus
1212 2045 1409 2130 consignavi.

305 2152 346 2231 »1⁴
358 2150 430 2233 Ego
438 2148 623 2214 Osmundus
634 2147 870 2212 londoniensis
879 2147 1045 2233 episcopus
1054 2148 1242 2214 collaudavi.
1288 2149 1329 2231 ›1‹
1339 2149 1411 2232 ugo

305 2252 690 2336 Helmstanusepiscopus
701 2250 938 2315 Wintonienais
947 2273 1114 2317 assensum
1123 2252 1256 2336 praebui.
1283 2253 1411 2336 ›1⁴Eg0

305 2355 496 2420 Herewinus
512 2353 744 2419 Lichfeldensis
759 2353 926 2438 episcopus
941 2355 1099 2419 consensi.
1158 2359 1198 2438 ›1‹
1214 2357 1286 2440 Ego
1300 2355 1411 2421 cedda

306 2457 530 2523 Herfordensis
551 2457 717 2542 episcopus
742 2455 887 2540 aspiravi.
939 2461 979 2540 ›1‹
996 2458 1067 2542 Ego
1084 2458 1281 2524 Adelstanus
1301 2459 1410 2524 Shira-

303 2561 474 2626 burnensis
488 2561 654 2645 episcopus
666 2558 844 2644 procuravi.
907 2565 948 2644 »1⁴
964 2563 1036 2646 Ego
1046 2561 1266 2626 Humbrithus
1277 2562 1411 2627 Helma·

303 2664 422 2729 mensis
451 2664 618 2749 episcopus
647 2662 831 2747 approbavi.
909 2667 950 2746 »1⁴
965 2666 1038 2748 Ego
1060 2666 1224 2731 Wilredus
1252 2667 1410 2734 Dommo·

302 2768 406 2833 oensis
436 2768 603 2852 episcopus
637 2767 747 2831 annui.
823 2768 864 2850 ›1‹
880 2768 952 2851 Ego
982 2769 1161 2833 Herferdus
1185 2769 1411 2854 Wigornensis

303 2872 468 2956 episcopus
490 2878 619 2955 gratum
640 2867 750 2946 habui,
811 2870 852 2952 ›1‹
868 2871 940 2953 Ego
963 2870 1140 2936 Godviuus
1160 2872 1322 2937 Roffensis
1343 2872 1410 2957 epi·

304 2996 418 3061 scopus
439 2975 513 3039 favi.
572 2977 613 3056 »1⁴
629 2974 700 3056 Ego
724 2971 843 3037 Hcdda
864 2972 963 3037 abbas
984 2972 1024 3038 de
1046 2973 1311 3039 Medeshamsted
1332 2974 1412 3038 rati·

305 3078 407 3142 ficavi.
453 3081 493 3160 ›1‹
509 3078 581 3160 Ego
603 3076 779 3139 Ambertus
809 3074 908 3139 abbas
933 3075 1064 3161 Ripadii
1092 3077 1237 3143 interfui.
1283 3081 1323 3160 ›1‹
1338 3078 1412 3161 Ego

306 3178 494 3243 Kinevvinus
515 3178 614 3242 abbas
633 3177 674 3241 de
697 3176 850 3241 Bardinei
867 3178 968 3244 astiti.
1028 3183 1069 3262 ›1‹
1086 3182 1157 3264 Ego
1171 3181 1334 3264 Egbertus
1353 3202 1411 3246 rex

303 3282 397 3345 West
410 3280 557 3345 Saxoniae
566 3280 716 3344 concessi.
755 3283 796 3362 »1⁴
812 3281 883 3363 Ego
893 3281 1101 3366 Adelwlphus
1108 3283 1195 3348 filius
1205 3284 1291 3369 regis
1302 3284 1410 3349 Uuest

307 3382 455 3449 Saxonite
483 3403 677 3447 consensum
705 3381 789 3447 dedi.
866 3386 906 3465 ›1‹
923 3385 994 3467 Ego
1023 3385 1201 3451 Wlhardus
1223 3386 1289 3451 dux
1319 3386 1407 3451 affui.

305 3490 346 3569 ›1‹
361 3486 432 3569 Ego
451 3484 625 3549 Athelmua
641 3484 706 3549 dux
721 3484 838 3549 audivi.
885 3490 926 3569 »1⁴
942 3489 1013 3571 Ego
1035 3486 1251 3553 Herebrithus
1269 3488 1336 3553 dux
1357 3510 1410 3553 ac·

303 3586 436 3671 captavi.
483 3590 523 3669 ›1‹
539 3588 611 3670 Ego
633 3587 809 3652 swithinus
830 3589 989 3672 presbiter
1008 3591 1094 3676 regis
1117 3592 1252 3675 higberti
1269 3613 1412 3675 presens

303 3690 362 3755 fui.
416 3693 456 3772 ›1‹
472 3691 544 3773 Ego
568 3690 655 3754 Bosa
678 3690 783 3754 scriba
802 3692 888 3775 regis
907 3692 1070 3757 Withlafii
1091 3714 1192 3759 manu
1213 3715 1285 3759 mea
1305 3694 1410 3759 chiro-

303 3791 461 3877 graphum
490 3791 579 3856 istud
608 3791 729 3876 scripsi.
774 3795 816 3877 ᾖ
832 3794 904 3878 Ego
926 3795 1116 3861 Withlafius
1145 3793 1280 3862 Domini
1305 3796 1410 3861 nostri

303 3895 407 3961 Jheau
421 3894 544 3960 Christi
563 3894 667 3978 gratia
684 3916 740 3959 rex
754 3896 964 3977 Merciorum,
981 3898 1022 3962 ad
1039 3907 1160 3963 sanctae
1177 3899 1290 3963 matris
1308 3900 1409 3965 ecele-

302 3999 358 4065 siae
386 3998 552 4077 honorem,
577 4006 610 4061 et
633 3997 734 4061 divini
755 3998 862 4063 cultus
884 4000 1125 4082 exaltationem,
1148 4022 1235 4067 armo
1262 4002 1411 4067 moerus·

302 4103 402 4167 tionis
417 4101 560 4187 ejusdem
574 4100 678 4164 nostri
694 4100 868 4165 Salvatoris
883 4111 1129 4184 n.ccc.x11111⁰,
1145 4106 1180 4168 in
1199 4104 1283 4168 festo
1298 4106 1411 4171 Sancti

303 4204 480 4289 Augustini
495 4203 694 4282 confessoris,
704 4203 853 4284 doctoris,
878 4212 912 4269 et
926 4207 1063 4289 apostoli
1078 4216 1198 4273 noatm
1213 4208 1330 4292 gentis,
1341 4208 1412 4275 haec

302 4308 440 4394 paucula
467 4307 577 4387 offero,
607 4308 763 4391 pluraque
788 4306 951 4403 offerrem,
983 4310 1062 4393 quin
1092 4332 1208 4394 corpus
1237 4332 1347 4375 meum
1375 4312 1412 4375 in

304 4419 408 4474 morte
433 4431 505 4474 mea
528 4418 595 4474 tam
618 4416 730 4474 sancto
751 4410 946 4477 monasterio
968 4413 1201 4497 promitterem,
1225 4413 1289 4479 nisi
1315 4422 1411 4480 antea
