3234 5125
308 429 360 488 128
582 427 903 486 MISCELLANEOUS
922 426 1136 484 CHARTERS.
1208 440 1211 455 ¹

307 607 417 665 autem
441 599 536 679 absit,
555 601 641 685 quod
662 623 729 666 non
751 609 911 684 optsmus,
932 607 970 664 ut
989 598 1125 683 alicujus
1144 595 1288 681 personis
1302 595 1412 674 homo,

306 728 381 770 cum
404 705 562 770 diabolica
577 751 814 770 ..........
829 704 1004 786 infringere
1027 710 1084 766 aut
1106 702 1251 765 minuere
1273 705 1412 784 tempta-

306 809 399 887 verit,
416 808 496 871 sciat
514 829 547 872 se
566 814 641 872 ante
659 805 802 870 tribunal
816 806 883 891 xpi
896 806 1060 868 racionem
1077 851 1239 870 .......
1257 811 1291 868 et
1307 804 1412 867 homi·

306 912 401 976 nibus
425 911 595 975 emendare
610 931 668 975 vo.
683 909 770 975 ...it
785 908 836 972 his
851 908 988 972 testibus
1006 907 1286 971 consencientibus
1300 928 1321 968 s
1335 927 1411 969 eon·

307 1012 522 1080 scribentibus
536 1059 858 1077 .............

349 1119 420 1200 Ego
442 1116 650 1180 AEbclbearht
673 1136 727 1178 rex
756 1114 839 1178 hanc
861 1135 914 1177 me
930 1159 1041 1180 .....
1055 1135 1097 1177 ne
1119 1134 1194 1177 cum
1217 1112 1333 1177 vexillo
1359 1115 1412 1177 sde

305 1220 410 1286 crucis
434 1219 498 1305 xpi
516 1217 673 1282 roborabo
696 1225 730 1282 et
750 1216 926 1280 subscribo.
965 1217 1037 1296 Ego
1050 1263 1142 1282 .....
1180 1217 1252 1298 Ego
1272 1215 1410 1280 Cialnolt

306 1323 376 1388 athi
401 1323 471 1407 epic
500 1320 620 1386 conseli
636 1369 644 1385 .
663 1369 669 1385 .
686 1320 759 1404 ..[
788 1319 968 1405 ]ryhtwald
990 1319 1066 1382 dux.
1128 1320 1200 1403 Ego
1225 1318 1338 1383 Mueel
1365 1320 1408 1383 m.

305 1428 376 1510 Ego
390 1423 571 1490 Eastmund
586 1427 629 1489 fit.
672 1426 743 1506 Ego
758 1423 895 1486 Ealhere
909 1424 942 1487 fit
945 1469 1160 1487 .........
1199 1423 1270 1504 Ego
1284 1421 1411 1484 AElfred

305 1529 390 1592 lilius
411 1531 477 1613 reg.
499 1526 559 1591 hos
577 1547 689 1591 omnes
707 1533 940 1590 consenserunt
965 1532 999 1589 et
1022 1524 1115 1608 signo
1139 1527 1191 1588 ste
1211 1524 1315 1588 crucis
1332 1545 1409 1588 con·

306 1633 414 1715 script.
460 1632 531 1714 Ego
542 1629 707 1695 Edelwine
710 1676 948 1693 ..........
994 1629 1065 1710 Ego
1080 1627 1250 1692 AEdelstan
1264 1635 1297 1690 et
1311 1627 1410 1710 ingan

305 1735 482 1817 burgware.
527 1734 605 1820 ²Ego
623 1731 808 1798 AEbelhelm
828 1739 862 1797 et
882 1731 1013 1796 cnishta
1026 1731 1172 1814 gesldau.
1217 1732 1289 1814 Ego
1305 1729 1410 1794 Here·

307 1839 389 1902 wine
404 1844 437 1900 et
451 1835 567 1901 herred
584 1881 905 1899 .............

441 2291 538 2346 KING
558 2290 772 2346 OEOLWULF
790 2290 839 2344 OF
856 2289 1012 2344 MEROIA.
1049 2289 1272 2346 Dccchxxv.
1382 2291 1391 2304 “

350 2443 390 2523 ’l‘
407 2440 449 2503 In
463 2439 595 2504 nomine
617 2445 727 2503 sancte
745 2446 778 2501 et
796 2438 959 2502 individue
973 2437 1150 2516 Trinitatis,
1166 2459 1251 2501 auno
1265 2438 1409 2522 ejusdem

179 2628 183 2635 .
304 2541 534 2607 incarnationis
549 2542 690 2606 humane
705 2562 904 2620 neccsxxv,
920 2539 1039 2604 Indict.
1054 2562 1142 2619 v111.,
1158 2543 1229 2625 Ego
1244 2541 1408 2621 Ceolwulf,

304 2645 409 2727 gratia
429 2645 492 2709 Dei
512 2644 653 2729 gratuita
670 2644 827 2728 largiente
841 2666 898 2708 rex
913 2645 1122 2722 Merciorum,
1138 2645 1257 2729 aliquid
1276 2646 1356 2709 mihi
1374 2647 1410 2710 in

304 2748 512 2812 elemosinam
529 2748 646 2811 donare
665 2748 869 2831 precogitavi,
892 2755 930 2811 ut
951 2748 1145 2832 sempiterne
1163 2750 1321 2813 mercedis
1337 2771 1411 2834 por-

303 2852 426 2935 tionem
443 2861 660 2935 acceptarem;
684 2851 757 2915 ideo
771 2862 904 2934 rogatus
923 2874 943 2914 a
956 2852 1122 2915 Werfrido
1141 2852 1259 2916 autiste
1275 2852 1409 2915 Huicci·

304 2976 407 3033 orum,
425 2962 457 3017 et
479 2953 602 3016 familia
618 2953 653 3016 in
674 2954 980 3037 Uueogernscestre,
1001 2956 1098 3018 istam
1117 2954 1311 3035 libertatem,
1334 2977 1409 3019 cum

304 3078 450 3121 meorum
474 3055 620 3119 omnium
645 3056 800 3119 unanimo
830 3078 989 3121 consensu
1010 3057 1231 3141 cpiscoporum
1260 3066 1294 3123 et
1320 3060 1408 3143 prin-

304 3158 423 3242 cipum,
450 3180 487 3221 sc
512 3158 610 3221 etiam
639 3166 829 3222 cunctorum
851 3160 1043 3243 optimatum
1065 3170 1175 3226 nostre
1197 3164 1313 3245 gentis,
1335 3186 1408 3245 per·
1442 3200 1445 3204 ·

304 3261 477 3344 petualiter
485 3260 610 3339 donavi,
623 3268 661 3323 ut
675 3267 745 3323 tota
760 3262 910 3344 parochia
926 3263 1143 3327 Hwicciorum
1159 3287 1177 3328 a
1192 3274 1287 3350 pastu
1301 3286 1410 3349 aequo-

304 3384 377 3426 rum
397 3363 493 3446 regis,
510 3370 543 3426 et
563 3384 674 3426 eorum
690 3362 745 3446 qui
766 3384 820 3427 eos
842 3364 974 3443 ducunt,
991 3366 1138 3431 absoluta
1156 3377 1190 3431 et
1208 3390 1321 3433 secura
1336 3392 1407 3454 per·

304 3466 475 3530 mansisset
483 3492 492 3544 ;
516 3474 550 3529 et
562 3463 615 3529 ille
625 3466 791 3551 episcopus
802 3466 892 3531 dedit
901 3469 969 3551 regi
980 3468 1155 3535 Ceolwulfo
1164 3493 1218 3535 ser
1229 3482 1407 3555 manentes,

304 3568 361 3632 ubi
381 3568 560 3651 appellatur
575 3569 786 3651 Daeglesford,
802 3576 835 3634 et
855 3569 917 3633 hoc
935 3570 1079 3635 divinum
1100 3574 1266 3637 servitium
1280 3598 1338 3659 pro
1353 3599 1408 3641 ex-

304 3670 446 3755 piatione
475 3672 696 3754 peccaminum
723 3672 887 3737 Ceolwulfi
910 3674 995 3757 regis
1018 3674 1190 3756 diffiniunt,
1215 3685 1252 3740 ut
1277 3679 1313 3741 in
1342 3680 1406 3743 illis

304 3776 508 3839 monasteriis
526 3776 692 3859 inquibus
714 3777 939 3860 prenominata
956 3778 1093 3842 servitus
1112 3782 1249 3863 persolvi
1266 3782 1406 3863 deberet,

304 3878 460 3943 memoria
485 3886 517 3942 et
540 3879 654 3944 Oratio
677 3880 851 3943 Dominica
872 3880 989 3945 cotidie
1018 3881 1059 3944 sd
1085 3884 1190 3947 celum
1211 3886 1406 3968 mitteretur,

303 3983 458 4065 quamdiu
485 3982 669 4046 Christiana
694 3982 772 4045 fides
795 3983 830 4045 in
856 3983 919 4047 ista
947 3993 1044 4067 gente
1073 3996 1263 4052 servaretur.
1315 3992 1408 4056 'lunc

303 4087 401 4149 etiam
417 4085 619 4168 supradictus
632 4105 689 4147 rex
705 4091 780 4148 ante
794 4086 963 4150 nominato
981 4088 1130 4173 episcopo
1145 4091 1233 4155 dedit
1249 4114 1299 4157 nx.
1315 4117 1407 4159 man-

303 4208 396 4251 cusos
414 4188 495 4266 auri,
511 4208 548 4249 ea
567 4187 761 4265 conditione,
783 4195 821 4249 ut
840 4189 907 4271 ipse
925 4188 1021 4254 istam
1039 4197 1158 4257 terram
1176 4195 1352 4277 habuisset,
1373 4208 1408 4265 et

303 4290 406 4353 tribus
421 4288 602 4367 heredibus,
620 4288 735 4373 quibus
751 4290 914 4383 voluisset,
924 4301 997 4375 post
1011 4316 1046 4357 se
1060 4294 1275 4379 relinquisset,
1288 4308 1321 4363 et
1334 4310 1407 4385 post

303 4392 371 4455 dies
401 4393 536 4456 istorum
567 4392 722 4455 heredum
752 4392 915 4459 antedicta
943 4402 1031 4459 terra
1053 4397 1092 4460 ad
1120 4400 1407 4489 Uueogernensem
