3234 5125
292 369 343 422 112
562 366 882 422 MISCELLANEOL'S
901 365 1116 420 ctIAR'rERS.

290 541 413 604 tionem
437 549 596 604 terrarum
617 540 853 604 haereditariam
876 548 972 603 antea
994 537 1230 622 possidentibus
1249 535 1399 600 omnibus

291 645 453 728 gradibus,
469 645 534 708 sive
549 644 677 708 famulis
692 652 725 707 et
740 643 921 707 famulabus
936 642 999 706 Dei
1011 643 1081 706 Deo
1095 641 1317 719 servientibus,
1332 641 1399 704 sive

292 749 382 812 laicis
396 748 530 825 miseris,
546 767 671 830 semper
686 745 845 810 decimam
864 746 1064 809 mansionem
1084 745 1141 809 ubi
1156 744 1324 807 minimam
1344 743 1397 821 sit,

291 859 363 914 tum
385 850 541 914 decimam
564 856 688 934 partem
713 849 860 912 omnium
878 847 1046 926 bonorum,
1065 847 1099 910 in
1120 847 1304 912 libertatem
1325 869 1397 932 per-

293 962 424 1037 petuam
445 952 557 1016 donari
577 959 695 1016 sauctae
714 951 856 1016 ecclesiae
870 950 1052 1033 dijudicavi,
1068 958 1105 1013 ut
1124 950 1167 1014 sit
1184 957 1257 1015 tuta
1275 957 1309 1014 et
1328 971 1399 1012 mu-

295 1057 364 1119 nita
386 1056 427 1119 ab
452 1055 602 1120 omnibus
620 1053 816 1118 secularibus
838 1052 1057 1131 servitutibus,
1074 1053 1142 1117 imo
1161 1052 1321 1136 regalibus
1339 1053 1398 1115 tri-

293 1158 391 1237 butis,
407 1157 581 1242 majoribus
601 1165 634 1220 et
653 1157 841 1234 minoribus,
857 1156 924 1219 sive
946 1155 1164 1220 taxationibus
1186 1177 1257 1239 quae
1274 1177 1334 1218 nos
1351 1155 1400 1217 di-

295 1262 398 1324 cimus
413 1259 620 1323 ¹Wintcrden
629 1285 638 1336 3
663 1259 768 1342 sitque
786 1259 887 1322 libera
905 1259 1052 1322 omnium
1076 1280 1195 1338 rerum,
1211 1281 1268 1342 pro
1288 1259 1399 1322 remica

295 1364 385 1428 sione
415 1363 595 1426 animarum
619 1369 652 1425 et
680 1370 886 1444 peccatorum
910 1369 1106 1441 nostronrm‚
1130 1363 1172 1426 ad
1195 1362 1398 1426 serviendum

297 1467 367 1530 Deo
382 1465 453 1544 soli,
469 1466 538 1528 sine
553 1465 762 1548 expeditione,
779 1473 812 1528 et
830 1465 939 1548 pontis
955 1465 1168 1543 extractione,
1184 1472 1216 1528 et
1231 1464 1313 1528 arcis
1327 1486 1398 1527 mu·

296 1568 418 1632 nitioue
427 1594 437 1646 ;
460 1575 498 1630 ut
513 1588 551 1630 eo
566 1567 753 1650 diligentius
767 1588 826 1650 pro
844 1567 939 1631 nobis
957 1567 997 1630 ad
1015 1569 1123 1632 Deum
1139 1568 1209 1632 sine
1223 1568 1399 1632 cesmtime

295 1692 407 1754 preces
429 1671 578 1748 fundant,
599 1691 663 1753 quo
680 1691 791 1733 eorum
813 1671 1000 1734 servitutem
1022 1671 1058 1734 iu
1080 1670 1188 1754 aliqua
1209 1679 1300 1754 parte
1321 1670 1399 1734 levi-

297 1795 420 1857 gamus.
466 1775 549 1836 Acta
569 1781 644 1836 sunt
661 1773 731 1837 haec
748 1774 834 1855 apud
849 1773 1064 1852 Wintouiam,
1082 1773 1118 1836 in
1137 1774 1270 1838 ecclesia
1288 1773 1400 1836 Sancti

297 1877 396 1954 Petri,
423 1897 508 1940 anno
530 1876 708 1940 Dominicae
725 1877 955 1941 incarnationis
978 1897 1125 1940 ccccxv.
1142 1877 1324 1941 Indictionc
1344 1897 1400 1940 111.

298 2002 399 2045 nonas
427 1979 631 2058 Novembris,
658 1988 732 2043 ante
755 1981 861 2064 majus
884 1981 994 2059 altare,
1018 2001 1076 2064 pro
1102 1981 1225 2045 honore
1253 1980 1402 2064 gloriosae

247 2110 249 2116 ·
297 2083 429 2167 virginis
453 2091 486 2147 et
512 2083 575 2147 Dei
594 2083 763 2165 genetricis
783 2083 908 2161 Mariae,
926 2083 1100 2166 Sanctique
1118 2084 1290 2149 Michaelis
1310 2084 1401 2148 arch·

299 2185 414 2269 augeli,
430 2194 463 2250 et
480 2185 566 2249 beati
586 2186 674 2248 Petri
696 2187 914 2268 apostolorum
935 2186 1099 2270 principis,
1118 2209 1244 2251 necnon
1264 2195 1297 2252 et
1315 2187 1402 2250 beati

298 2290 398 2374 patris
412 2290 513 2354 nostri
529 2289 678 2372 Gregorii
695 2311 794 2373 papae.
840 2289 1057 2354 Praesentibus
1075 2298 1108 2353 et
1128 2290 1401 2355 subscribentibus

300 2391 543 2477 archiepiscopis
557 2399 590 2456 et
604 2392 758 2475 episcopis
773 2393 901 2474 Angliae
918 2393 1082 2470 universis,
1099 2414 1224 2457 necnon
1240 2392 1402 2456 Beorredo

300 2517 373 2579 rege
397 2495 540 2574 Merciae,
558 2501 591 2558 et
616 2493 788 2558 Ildmundo
806 2494 1055 2577 Eastanglornm
1078 2516 1172 2579 rege3
1196 2495 1349 2559 abbatum
1369 2501 1403 2558 et

174 2613 177 2620 '
299 2600 543 2676 abbatissarum,
562 2598 691 2676 dueum,
713 2598 880 2678 comitum,
907 2619 1139 2681 procerumque
1168 2600 1269 2663 totius
1298 2606 1401 2676 terrae,

300 2703 499 2785 aliorumque
518 2701 661 2765 fidelium
683 2701 813 2764 infinita
831 2700 1050 2779 multitudine,
1069 2701 1125 2784 qui
1148 2722 1260 2765 omnes
1277 2702 1402 2784 regium

299 2806 546 2890 chirographum
565 2803 797 2881 laudaverunt3
821 2803 994 2886 dignitates
1009 2824 1084 2867 vero
1101 2826 1160 2867 sua
1178 2804 1309 2868 nomina
1327 2803 1402 2866 sub-

300 2910 505 2993 scripserunt.
887 2892 892 2897 .

345 3012 415 3074 Rex
438 3031 514 3074 vero
543 3009 797 3092 Ethelwulphus,
821 3030 879 3092 pro
907 3009 1060 3073 firmitate
1089 3010 1254 3093 ampliore,
1284 3010 1403 3075 obtulit

301 3114 386 3177 hanc
407 3112 586 3177 chartrdam
604 3112 755 3195 scriptam
776 3134 872 3195 super
889 3113 988 3176 altare
1009 3113 1121 3177 Sancti
1140 3114 1229 3178 Petri
1249 3114 1403 3197 apostoli;

301 3224 334 3278 et
349 3214 499 3298 episcopi,
515 3236 573 3297 pro
588 3214 652 3277 fide
666 3215 728 3278 Dei
742 3215 831 3277 illam
848 3225 1038 3310 acceperunt
1055 3224 1088 3279 et
1109 3239 1165 3299 per
1178 3239 1290 3281 omnes
1304 3217 1404 3281 eccle·

301 3320 364 3382 sias
379 3325 489 3401 postea
503 3318 753 3382 transmiserunt
768 3318 802 3381 in
818 3318 884 3383 suis
900 3320 1058 3403 parochiis
1072 3320 1310 3403 publicandam.

347 3523 389 3587 In
403 3546 420 3587 a
435 3522 588 3587 donation
609 3523 645 3587 of
655 3524 741 3603 land,
756 3531 819 3587 etc.
834 3523 878 3608 by
890 3525 1083 3590 AEthelwulf
1096 3526 1131 3589 in
1147 3547 1292 3592 ccccxv.
1308 3526 1405 3591 refer-

303 3647 380 3690 ence
389 3627 417 3689 is
428 3626 637 3690 madetothis
646 3634 740 3711 grant
751 3627 788 3691 of
798 3628 930 3706 atenth,
941 3629 1012 3705 via,
1029 3631 1068 3710 ›1‹
1086 3635 1108 3664 “
1118 3631 1160 3693 In
1168 3631 1407 3695 nomine'lhino

302 3729 422 3793 divino.
456 3731 527 3812 Ego
541 3729 772 3794 Etheluulfrex
785 3730 1043 3795 Occidentalium
1055 3734 1229 3814 Saxonum,
1239 3756 1365 3798 necnon
1374 3741 1407 3797 et

303 3833 562 3911 Cautuariorum,
581 3854 640 3915 pro
659 3833 874 3897 decimatione
891 3856 1052 3917 agrorum,
1068 3858 1165 3919 quarn
1180 3838 1252 3902 Deo
1267 3838 1407 3901 donante

302 3935 417 3999 ceteris
440 3935 597 3999 ministris
621 3936 702 3999 meis
731 3935 836 3999 facere
862 3936 998 4016 decrevi,
1024 3937 1085 4003 tibi
1115 3941 1236 4004 Dunne
1258 3941 1408 4003 ministro

303 4059 374 4101 meo
389 4037 471 4102 dabo
486 4060 584 4103 unam
599 4038 742 4117 villam,'’
758 4046 820 4103 etc.
836 4042 1020 4105 etc-Ocri.
1037 4043 1175 4126 Diplom.
1190 4044 1225 4107 ii.
1242 4066 1273 4126 p.
1290 4048 1344 4109 57.

754 4194 761 4223 ¹
781 4192 820 4245 W
821 4192 963 4246 itereden?
