3234 5125
484 436 806 493 MISCELLANEOUS
825 436 1038 495 CHARTERS.
1265 440 1318 493 24⁰

209 608 409 692 Angelorum
434 615 658 694 terrarumque
679 609 827 693 gentium
849 609 884 673 in
907 608 1045 673 circuitu
1068 607 1224 673 triviatim
1247 629 1317 693 pera

208 708 393 775 sistentium
413 710 565 791 basileus,
582 719 620 775 ut
639 712 738 796 hujus
755 712 915 776 libertatis
937 710 1081 777 altitrdni
1101 710 1318 776 Moderatoris

209 812 380 877 clementia
401 835 527 879 merear
549 815 695 899 optinere
718 815 932 894 consorcium,
955 814 1089 880 cenobio
1110 814 1183 880 loco
1200 813 1318 879 celebri

210 916 266 999 qui
289 914 331 979 ab
352 916 450 1000 hujus
471 917 619 1001 prosapie
641 917 782 981 solicolis
805 918 966 1003 Romesye
987 917 1091 982 nobili
1111 924 1319 1001 nuncupatur

209 1016 365 1082 vocabulo
388 1018 498 1098 situm,
522 1020 594 1103 agie
616 1019 774 1103 genetrici
796 1020 932 1085 Domini
956 1019 1060 1085 nostri
1085 1020 1164 1085 Jesu
1194 1019 1316 1085 Christi

209 1118 393 1185 dedicatum
418 1120 566 1201 habetm,
587 1122 887 1188 sanctimonialibus
912 1124 1103 1205 regulariter
1127 1123 1320 1207 degentibus

211 1222 379 1288 monastici
409 1231 554 1289 eternam
583 1224 741 1310 privilegii
770 1225 911 1290 concedo
940 1225 1134 1305 libertatem,
1164 1226 1319 1309 quatinus
1409 1222 1416 1235 '

209 1334 282 1410 post
310 1327 475 1392 decessum
505 1328 713 1393 Merewenne
741 1327 902 1392 abbatisse
932 1327 1070 1411 egregie,
1100 1328 1192 1412 cujus
1232 1334 1315 1392 tem·

181 1507 187 1517 ,
210 1428 340 1512 poribus
363 1429 424 1495 hec
445 1430 607 1495 libertatis
628 1430 834 1509 restauracio,
856 1430 988 1495 Christo
1007 1430 1215 1513 suffragante,
1240 1452 1316 1495 con-

211 1552 300 1595 cessa
321 1538 381 1612 est,
408 1554 504 1617 quam
534 1532 597 1597 sibi
625 1532 776 1597 universa
797 1532 923 1618 praefati
952 1532 1079 1597 cenobii
1108 1534 1317 1617 congregacio

211 1635 344 1718 elegerit
373 1635 520 1715 concilio,
553 1634 732 1699 secundum
760 1634 922 1719 regularia
950 1634 1037 1700 beati
1067 1634 1236 1699 Benedicti
1268 1635 1318 1698 in-

211 1739 326 1802 stituta
354 1738 551 1802 abbatissam
576 1740 665 1822 juste
693 1760 733 1802 ex
760 1738 873 1802 eodem
899 1758 1046 1802 sororum
1070 1759 1173 1802 crmeo
1196 1738 1319 1823 eligens

211 1842 396 1921 constitrmt,
417 1841 515 1924 hujus
535 1840 695 1925 privilegii
715 1841 849 1905 libertas
872 1840 1022 1925 deinceps
1044 1858 1106 1903 usu
1126 1848 1281 1925 perpetuo
1301 1863 1320 1906 a

211 1943 337 2008 cunctis
356 1950 515 2023 taneatm,
530 1964 591 2007 nec
610 1950 836 2007 extraneorum
852 1942 1022 2027 quispiam,
1040 1942 1201 2008 tirannica
1217 1944 1319 2008 fretus

211 2046 424 2125 contumacia,
449 2047 486 2109 in
510 2045 665 2130 praedicto
687 2044 883 2110 monasterio
908 2046 964 2130 jus
990 2046 1145 2131 arripiens
1174 2056 1320 2111 exerceat

212 2149 389 2233 potestatis,
412 2156 462 2213 set
483 2148 629 2233 ejusdem
651 2148 776 2213 cenobii
798 2148 969 2232 collegium
995 2156 1157 2233 perpetue,
1180 2156 1218 2212 ut
1239 2170 1319 2233 prae-

211 2252 289 2331 dixi,
317 2251 477 2316 libertatis
506 2250 664 2335 glorietur
690 2250 868 2335 privilegio.
930 2250 981 2315 Sit
1011 2259 1119 2316 autem
1148 2250 1319 2337 praefatum

212 2350 443 2415 monasterium
475 2350 565 2414 omni
597 2358 725 2414 terrene
756 2349 921 2413 servitutis
950 2350 1030 2434 jugo
1064 2350 1177 2414 eodem
1207 2359 1320 2415 tenore

209 2453 356 2532 liberum,
379 2474 443 2537 quo
472 2474 492 2517 a
514 2451 800 2536 predecessoribus
822 2452 953 2530 nostris,
985 2452 1150 2518 catholicis
1171 2452 1320 2517 videlicet

212 2555 352 2640 regibus,
366 2555 418 2619 uti
430 2562 556 2620 vetmte
570 2555 765 2634 continetur,
776 2553 942 2638 privilegio
958 2555 1102 2620 solutum
1116 2564 1174 2620 est.
1228 2556 1320 2640 AEgri

213 2659 361 2744 equidem
375 2659 431 2743 qui
451 2658 492 2723 ad
510 2679 588 2722 usus
610 2656 906 2722 sanctimonialium
924 2657 1067 2721 Domino
1084 2665 1196 2722 nostro
1217 2647 1320 2722 Jhesu

213 2762 343 2827 Christo
372 2763 505 2846 ejusque
534 2759 685 2845 genitrici
707 2759 817 2824 Maria
840 2759 953 2844 priscis
981 2759 1209 2846 modernisque
1237 2766 1321 2824 tem-

212 2864 343 2950 poribus
361 2886 381 2929 a
398 2864 528 2947 regibus
548 2871 581 2927 et
598 2861 758 2946 religiosis
774 2863 943 2947 utriusque
961 2885 1055 2928 sexus
1073 2864 1269 2944 hominibus,
1286 2871 1320 2929 et

213 2989 233 3031 a
251 2967 374 3051 meipso
388 2967 497 3030 divino
512 2973 655 3050 respectu
676 2965 847 3031 clementia
864 2965 1065 3032 restituendo
1081 2967 1156 3052 jure
1176 2968 1320 3033 concessi

212 3080 289 3135 sunt
309 3069 453 3154 ejusdem
470 3069 698 3152 perpetrmliter
717 3067 784 3132 sint
800 3067 970 3133 libertatis.
1016 3069 1141 3154 Siquis
1160 3091 1235 3135 vero
1253 3079 1321 3135 tam

213 3171 403 3258 epilenticus
422 3169 608 3256 philargiric
625 3171 777 3235 seductus
794 3170 949 3252 amencia,
970 3171 1056 3256 quod
1076 3194 1143 3237 non
1161 3181 1319 3258 optamus,

213 3277 295 3342 hanc
323 3282 434 3340 nostre
462 3273 681 3339 munificentie
711 3273 929 3358 dapsilitatem
962 3297 1043 3340 ausu
1071 3277 1242 3342 temerario
1271 3278 1319 3340 in-

212 3380 353 3463 hingere
375 3377 591 3461 temptaverit,
621 3375 665 3440 sit
688 3376 757 3461 ipse
783 3376 941 3441 alienatam
972 3399 991 3440 a
1020 3379 1182 3443 consortio
1211 3387 1320 3444 sancte

213 3484 276 3549 Dei
299 3479 440 3561 ecclesie,
456 3501 582 3545 necnon
605 3487 639 3544 et
661 3501 680 3543 a
697 3479 942 3565 participatione
962 3481 1158 3546 sacrosancti
1176 3483 1318 3568 corporis

213 3595 247 3652 et
266 3583 432 3670 sanguinis
450 3584 529 3648 Jesu
549 3583 674 3648 Christi
693 3582 752 3645 filii
772 3582 847 3661 Dei,
862 3603 920 3667 per
939 3604 1037 3668 quem
1053 3591 1143 3648 tetris
1160 3590 1319 3649 terrarum

213 3691 301 3756 orbis
320 3686 511 3771 abantiquo
534 3685 661 3769 generis
678 3685 811 3750 inimico
831 3686 986 3750 liberatus
1006 3694 1066 3766 est,
1086 3695 1214 3752 etcum
1235 3688 1256 3752 J
1258 3688 1321 3753 uda

214 3791 335 3859 Christi
349 3787 655 3875 proditoresinistra
668 3787 705 3851 in
718 3795 810 3872 parte
825 3787 998 3874 deputatum
1013 3796 1072 3869 ast,
1083 3791 1147 3854 nisi
1164 3790 1254 3875 prius
1268 3791 1320 3855 hic

213 3897 312 3980 digna
333 3891 550 3958 satisfactione
571 3890 704 3954 humilis
724 3889 901 3976 penituerit
924 3891 1010 3975 quod
1039 3897 1152 3957 contra
1177 3899 1321 3956 sanctam

214 3999 277 4064 Dei
298 3995 464 4061 ecclesiam
485 3991 613 4058 rebellis
635 4014 730 4078 agere
751 3992 1008 4077 praesumpserim
1035 4014 1095 4058 nec
1117 3993 1153 4056 in
1174 3993 1235 4056 hac
1255 3992 1323 4057 vita

214 4099 354 4186 practica
377 4095 516 4176 veniam,
537 4095 654 4161 necin
675 4095 821 4160 theorica
841 4093 984 4179 requiem
1009 4102 1155 4179 apostata
1178 4093 1322 4179 optineat

213 4205 313 4282 illam,
335 4199 393 4266 sed
417 4199 536 4265 eternis
564 4199 686 4265 baratri
715 4197 872 4264 incendiis
895 4205 1015 4277 tmsus,
1042 4219 1117 4263 cum
1139 4196 1268 4261 Anania
1290 4205 1323 4262 et

214 4306 353 4392 Zaphira
374 4303 498 4389 jugiter
516 4301 713 4367 miserrimus
740 4300 911 4366 cruciatur.
957 4301 1022 4365 Pro
1050 4300 1130 4365 silva
1146 4322 1222 4365 vero
1245 4299 1322 4366 huic

212 4409 320 4476 telluri
344 4407 525 4492 pertinente
548 4405 617 4488 regi
642 4405 775 4488 praefato
802 4404 879 4469 data
902 4411 979 4466 sunt
1003 4424 1115 4467 noccc.
1142 4401 1221 4466 meri
1251 4403 1321 4468 auri
