3234 5125
285 395 338 450 442
561 393 883 450 MISOELLANEOUS
904 393 1118 450 anRTERs.

288 565 399 630 Abbas
428 573 536 630 antem
565 566 677 630 videns
711 575 949 632 sacramentum
977 576 1011 632 et
1039 566 1263 652 probationem
1287 575 1391 633 totam

287 677 432 753 paratam
453 689 532 748 esse,
547 677 580 732 et
603 670 694 733 nullo
711 670 808 735 modo
824 691 990 735 remanere
1012 671 1041 735 si
1057 671 1155 736 vellet
1171 671 1322 755 recipere,
1340 694 1392 736 ac-

287 781 381 855 cepto
403 772 443 837 ab
466 773 578 837 amicis
599 772 744 853 consilio,
767 774 916 858 episcopo
938 774 1069 840 demisit
1090 785 1339 854 sacramentum,
1357 785 1391 840 et

287 883 390 940 totam
415 877 579 959 querelam
604 876 801 959 recognovit,
825 884 858 941 et
880 898 1009 942 omnem
1030 899 1100 942 rem
1118 878 1202 942 sicut
1225 879 1392 963 episcopus

287 979 525 1058 reclamaverat,
542 986 576 1043 et
592 979 677 1057 inde,
693 979 897 1045 concordiam
915 1002 948 1045 se
966 982 1127 1045 facturum
1142 1003 1217 1046 cum
1231 982 1390 1066 episcopo,

287 1083 535 1146 conventionem
551 1081 638 1146 fecit.
684 1082 729 1146 Et
752 1082 828 1147 inde
848 1090 925 1146 sunt
941 1083 1080 1166 legitimi
1099 1092 1198 1148 testes
1216 1084 1301 1169 apud
1319 1106 1389 1163 uos,

286 1183 415 1261 milites,
431 1183 578 1247 homines
593 1185 722 1248 Sanctae
737 1185 864 1263 Mariae,
880 1192 914 1250 et
928 1186 1078 1270 episcopi,
1094 1187 1150 1270 qui
1165 1187 1227 1250 hoc
1241 1187 1391 1251 viderunt

286 1295 319 1351 et
338 1287 519 1366 audierunt,
534 1287 638 1371 parati
658 1286 719 1351 hoc
738 1286 874 1372 probare
887 1310 944 1372 per
959 1297 1197 1352 sacramentum
1217 1299 1250 1353 et
1268 1290 1391 1354 bellum

285 1397 398 1454 contra
413 1390 613 1454 Rannulfum
628 1389 760 1453 fratrem
775 1391 919 1475 ejusdem
928 1391 1065 1455 Walteri
1080 1391 1215 1471 abbatis,
1232 1415 1329 1476 quem
1343 1393 1390 1457 ibi

284 1491 442 1571 viderunt,
464 1493 520 1577 qui
542 1514 616 1557 cum
640 1493 739 1557 fratre
762 1515 821 1556 suo
843 1493 975 1558 tenebat
996 1494 1077 1558 illud
1099 1495 1255 1578 placitum
1277 1505 1391 1560 contra

284 1597 479 1679 episcopum,
507 1596 535 1659 si
563 1596 647 1660 hanc
676 1596 922 1661 conventionem
951 1618 1069 1680 negare
1097 1599 1247 1677 voluerit,
1270 1599 1390 1662 factam

284 1699 370 1760 inter
391 1698 577 1781 episcopum
599 1706 633 1762 et
655 1699 815 1764 abbatem.
862 1699 1032 1764 Habemus
1049 1700 1149 1765 etiam
1167 1703 1249 1765 sacri
1267 1702 1390 1765 ordinis

284 1801 378 1880 viros,
396 1801 578 1865 sacerdotes
601 1807 634 1865 et
657 1801 818 1880 diaconos,
842 1811 971 1886 paratos
991 1803 1073 1867 illud
1092 1803 1250 1868 affirmare
1268 1804 1389 1888 juditio

286 1904 359 1968 Dei.

326 2010 354 2085 tl
369 2006 554 2070 Willelmus
568 2028 624 2071 rex
639 2008 821 2092 Anglorum
836 2009 879 2073 V.
895 2009 1086 2088 vicecomiti,
1102 2017 1135 2072 et
1154 2010 1302 2075 Osberno
1320 2013 1388 2075 filio

283 2113 416 2195 bisceop,
441 2118 474 2174 et
500 2111 649 2176 omnibus
675 2112 806 2175 Francis
826 2118 860 2176 et
882 2113 998 2195 Anglis
1018 2113 1059 2177 de
1080 2113 1387 2199 Wiriceastrescyre,

283 2215 430 2278 salutem.
483 2214 567 2277 Volo
592 2223 625 2277 et
650 2214 800 2297 precipio,
830 2221 869 2278 ut
897 2215 1063 2299 episcopus
1084 2217 1153 2280 Wl.
1177 2216 1225 2280 ita
1252 2217 1391 2301 pleniter

283 2317 399 2380 habeat
420 2337 538 2394 socam,
557 2325 590 2380 et
608 2339 724 2396 sacam,
743 2329 777 2381 et
799 2317 939 2396 servitia,
958 2327 991 2382 et
1009 2339 1120 2382 omnes
1140 2321 1388 2384 consuetudines

283 2421 323 2484 ad
345 2441 439 2484 suum
460 2419 617 2499 hundred,
633 2428 666 2485 et
684 2420 725 2484 ad
742 2427 844 2485 terras
858 2443 932 2485 suas
946 2421 1154 2505 pertinentes,
1171 2423 1256 2487 sicut
1272 2424 1388 2487 melius

283 2523 397 2588 habuit
426 2524 461 2587 in
491 2529 635 2608 tempore
660 2523 745 2608 regis
771 2523 940 2604 Edwardi;
970 2532 1004 2591 et
1030 2525 1070 2589 de
1094 2525 1190 2589 terris
1216 2548 1295 2610 quas
1319 2526 1388 2610 ipse

174 2684 177 2691 .
282 2628 518 2692 diratiocinavit
547 2627 696 2693 abbatem
722 2628 761 2692 de
785 2629 965 2692 Eovesham
991 2629 1031 2693 de
1060 2651 1119 2694 suo
1142 2629 1238 2694 feudo
1267 2638 1387 2709 tenere,

281 2732 403 2795 scilicet
426 2740 507 2794 11110‘
529 2730 621 2794 hidas
644 2730 684 2794 ad
711 2731 975 2814 Benninguurde,
1002 2740 1036 2796 et
1056 2733 1167 2796 domos
1189 2733 1225 2795 in
1247 2732 1386 2812 civitate,

281 2834 431 2918 precipio,
446 2840 495 2912 ut,
511 2832 538 2896 si
558 2832 656 2897 abbas
670 2833 742 2897 illas
755 2833 827 2898 vult
841 2834 969 2914 habere,
985 2834 1045 2898 sibi
1064 2835 1140 2899 inde
1159 2836 1287 2914 serviat,
1303 2837 1387 2901 sicut

282 2936 334 2999 alii
353 2937 404 2999 sui
422 2935 553 3000 feudati.
599 2936 643 3000 Et
659 2935 698 3000 de
712 2956 764 3000 xv.
781 2936 866 3000 hidis
881 2936 922 3001 de
938 2938 1104 3017 Hantona,
1119 2938 1206 3002 unde
1220 2938 1386 3023 episcopus

281 3038 516 3103 diratiocinavit
541 3059 658 3117 socam
685 3046 718 3103 et
742 3040 882 3122 gelduni,
903 3048 936 3103 et
958 3040 1203 3123 expeditionem,
1226 3050 1259 3106 et
1280 3050 1387 3106 cetera

281 3163 353 3205 mea
370 3141 499 3205 servitia
517 3141 556 3204 ad
579 3163 673 3204 suum
693 3142 853 3222 hundred,
869 3151 902 3206 et
922 3144 1119 3223 cirichescot,
1136 3153 1169 3209 et
1186 3146 1385 3229 sepulturam

282 3242 323 3306 ad
337 3264 428 3306 suam
443 3242 551 3306 villam
569 3244 740 3328 pertinere,
756 3245 907 3329 precipio,
924 3266 965 3310 ne
984 3246 1070 3310 ullus
1088 3248 1117 3311 ei
1135 3256 1247 3311 contra
1264 3256 1384 3327 teneat,

280 3345 337 3409 sed
358 3346 404 3409 sic
424 3345 540 3410 habeat
560 3349 669 3410 omnia
689 3348 728 3411 de
747 3348 812 3411 illis
833 3348 873 3412 ad
893 3371 1001 3412 meum
1022 3372 1102 3434 opus
1125 3358 1159 3415 et
1178 3373 1284 3430 suum,
1300 3353 1386 3417 sicut

280 3469 387 3512 coram
411 3448 563 3512 Gosfrido
585 3449 742 3533 episcopo,
766 3458 799 3513 et
821 3472 929 3515 coram
951 3451 1052 3532 vobis,
1076 3453 1252 3517 secuudum
1275 3476 1385 3518 meum

277 3557 472 3635 preceptum,
491 3558 630 3615 testante
647 3551 884 3633 vicecomitatu,
905 3554 1169 3619 diratiocinatum
1186 3565 1219 3620 et
1236 3558 1382 3641 juratum

277 3661 337 3732 est,
354 3659 437 3717 teste
451 3652 520 3736 ipso
536 3654 688 3719 Gosfrido
703 3655 854 3741 episcopo
869 3664 901 3720 et
917 3658 956 3721 R.
975 3657 1015 3721 de
1030 3659 1166 3723 Ivereio.

276 4026 461 4082 INDIOIUM
485 4026 718 4082 DONATIONIS
743 4027 958 4083 AECCLFSIAE
985 4031 1239 4101 WESTBYRIAE,
1267 4034 1380 4099 QUAM

329 4128 541 4183 WLSTANUS
566 4128 773 4183 EPISOOPUS
792 4129 930 4185 USIBUS
954 4130 1232 4187 MONAOHORUM
1254 4134 1381 4189 HUJUS

331 4227 543 4282 AEOCLESIAE
561 4227 686 4283 DEDIT.
722 4226 869 4282 MXCIH.

320 4366 358 4451 Ξ
386 4375 558 4457 Largiente
576 4376 681 4459 gratia
700 4376 875 4440 Salvatoris
894 4377 998 4440 nostri
1018 4377 1151 4442 Domini
1167 4380 1248 4443 Jesu
1262 4380 1384 4445 Christi
