3234 5125
250 359 253 363 ⁸
317 403 371 458 214
588 396 911 457 incommunius
930 396 1147 454 unsarans.

316 574 544 659 cupletionem,
560 573 646 658 quod
659 572 797 656 Anglice
820 570 999 655 scypfylleli
1021 570 1152 649 dicitur,
1167 590 1225 656 per
1240 591 1276 636 se
1296 570 1429 651 habere,

317 677 439 761 placuit
453 677 536 741 mihi
549 677 612 740 boc
626 676 656 739 ei
671 695 823 753 annuere,
839 682 908 737 tam
927 694 985 757 pro
1000 674 1069 757 ejus
1088 674 1240 758 religiosa
1253 675 1428 739 sanctitate

316 802 415 864 qnam
434 802 492 865 pro
513 780 657 864 ipsorum
670 778 851 861 legatorum
864 777 1043 841 reverentia
1057 785 1091 840 et
1108 776 1289 842 dilectione.
1334 778 1426 844 Qua-

317 892 449 967 propter
463 904 523 967 ego
533 883 701 965 Eadgams
710 880 892 963 Anglorum
907 900 963 943 rex
978 886 1011 943 et
1022 879 1161 944 basileus
1172 880 1288 943 Decet
1302 888 1425 944 sanctae

317 986 380 1051 Dei
403 986 554 1067 genitrici
579 984 697 1049 Mariae
719 984 852 1067 ejusque
877 982 1027 1045 ministro
1051 982 1210 1061 Oswaldo,
1235 1003 1309 1047 meo
1337 982 1425 1045 fideli

314 1088 474 1173 episcopo,
494 1088 598 1153 libens
615 1106 724 1150 annuo
746 1093 780 1148 et
802 1084 889 1149 douo
913 1083 1011 1167 hujus
1031 1082 1189 1147 libertatis
1207 1084 1421 1169 privilegium,

315 1190 400 1254 sicut
425 1190 466 1255 ab
491 1190 570 1274 ipsis
592 1196 725 1273 rogatus
753 1208 836 1265 sum,
852 1186 976 1251 scilicet
1001 1193 1039 1250 ut
1061 1185 1128 1271 ipse
1155 1187 1322 1271 episcopus
1347 1208 1421 1251 cum

315 1293 482 1357 monacbis
500 1292 567 1357 suis
587 1293 628 1357 de
646 1290 718 1355 istis
734 1289 839 1354 tribus
854 1288 1097 1369 centuriatibus,
1115 1288 1148 1353 id
1168 1298 1218 1355 est
1234 1290 1419 1369 hundredis,

314 1394 463 1460 videlicet
478 1395 710 1471 Wulfereslaw‚
726 1398 759 1456 et
773 1392 1064 1475 Winburgetrowe‚
1079 1399 1113 1457 et
1130 1394 1227 1458 tertio
1245 1394 1418 1458 monacho-

312 1518 387 1562 rum
408 1498 494 1582 quod
513 1498 632 1563 dicitur
640 1496 906 1580 Cullburgelawe,
919 1495 1119 1560 constituant
1133 1517 1233 1559 unam
1247 1496 1418 1581 naueuple-

313 1601 447 1679 tionem,
467 1600 553 1683 quod
573 1600 711 1683 Angliee
732 1598 851 1665 dicitur
876 1597 1054 1683 scypfylled
1077 1600 1156 1684 appe
1179 1619 1363 1683 scypsoene,
1382 1599 1418 1663 in

312 1704 384 1768 loco
398 1724 495 1787 quem
509 1702 551 1767 ob
565 1704 635 1787 ejus
653 1701 841 1766 memoriam
857 1700 1081 1767 Oswaldeslaw
1095 1700 1244 1785 deinceps
1266 1701 1418 1785 appellari

313 1805 443 1889 placuit,
458 1805 515 1870 ubi
529 1805 733 1889 querelarum
746 1826 861 1883 causa,
879 1803 1056 1868 secundum
1078 1824 1201 1867 morem
1221 1804 1333 1889 patriae
1350 1804 1411 1889 [et]

310 1907 421 1991 legum
451 1909 527 1992 jura
552 1909 626 1992 jure
657 1907 898 1973 discemantur:
936 1904 1116 1989 habeatque
1147 1905 1215 1991 ipse
1251 1907 1417 1991 episcopus

311 2032 486 2095 omnesque
509 2011 561 2075 sui
583 2031 780 2077 successores
804 2009 851 2074 ibi
880 2008 995 2093 adjus
1022 2008 1282 2074 aecclesiasticum
1308 2010 1416 2074 debita

308 2114 603 2197 transgressionum
617 2120 650 2177 et
669 2135 786 2197 penam
807 2112 998 2177 delictorum
1014 2134 1087 2196 quae
1101 2134 1161 2177 nos
1176 2112 1312 2177 dicimus
1332 2113 1415 2177 ofer-

310 2238 488 2300 segenesae,
497 2225 532 2281 et
546 2216 700 2301 gyltwite,
712 2224 745 2279 et
758 2215 870 2280 omnia
888 2236 1088 2298 quaeeunque
1102 2236 1158 2279 rex
1174 2215 1210 2279 in
1228 2215 1295 2279 suis
1308 2214 1413 2279 bund-

310 2319 396 2383 redis
417 2318 533 2397 babet;
559 2319 606 2383 ita
624 2326 734 2383 tamen
750 2339 791 2381 ne
805 2318 868 2403 ipsi
882 2317 937 2401 qui
952 2318 997 2383 ibi
1013 2320 1084 2382 Deo
1103 2318 1247 2382 serviunt
1264 2317 1414 2383 monachi

309 2421 351 2485 de
375 2442 434 2485 suo
452 2420 527 2504 jure
548 2427 605 2485 aut
630 2421 781 2486 libertate
803 2442 901 2504 quam
922 2420 962 2484 ad
984 2442 1079 2485 suum
1101 2420 1249 2486 hundred
1271 2422 1317 2486 eia
1338 2443 1414 2487 con·

308 2524 390 2590 cessi
411 2524 583 2608 quicquam
603 2524 750 2609 perdant,
769 2522 824 2589 sed
846 2523 986 2589 babeant
1007 2523 1069 2608 ipsi
1088 2522 1134 2588 ibi
1152 2524 1261 2588 omnia
1280 2546 1353 2609 quae
1373 2524 1413 2590 ad

218 2663 222 2669 ν
308 2649 404 2693 suum
422 2629 487 2712 jus,
511 2627 546 2692 id
574 2635 623 2691 est
652 2627 693 2691 ad
718 2627 852 2691 tertium
878 2627 1105 2706 centmiatum,
1129 2628 1293 2711 pertinent
1323 2648 1413 2712 aeque

308 2732 434 2815 integra
452 2751 490 2794 ac
512 2730 614 2814 siper
627 2751 662 2794 se
683 2737 868 2814 separatum
890 2737 1006 2810 essent,
1022 2730 1169 2796 videlicet
1186 2731 1295 2796 debita
1309 2740 1413 2796 trans-

307 2835 508 2918 gressionum
522 2842 556 2897 et
568 2855 687 2917 penam
701 2833 903 2912 delictorum,
914 2841 947 2897 et
961 2842 1066 2898 cetera
1080 2857 1152 2918 quas
1164 2835 1310 2918 superius
1325 2857 1412 2900 com-

306 2937 464 3020 prehensa
485 2942 572 3014 sunt,
589 2957 661 3019 quae
675 2935 721 2998 eis
738 2935 839 3000 libere
858 2943 891 2999 et
905 2936 1013 3018 quiete
1031 2938 1259 3020 perpetualiter
1273 2938 1413 3002 tenenda

307 3039 470 3118 concessi3
494 3039 623 3120 sintque
639 3038 708 3101 baee
727 3037 838 3101 omnia
855 3045 888 3102 et
903 3060 1100 3122 quaecunque
1113 3040 1243 3104 illorum
1260 3049 1337 3105 sunt
1351 3041 1411 3106 sub

307 3143 377 3224 ejus
391 3161 491 3204 manu
505 3147 539 3202 et
552 3146 723 3224 potestate,
734 3139 790 3222 qui
803 3139 881 3224 ipsis
896 3140 930 3204 iu
945 3141 1115 3206 monastici
1125 3143 1246 3208 ordinis
1257 3144 1412 3227 regimine

306 3242 368 3306 sub
391 3242 539 3326 episeopo
562 3240 753 3325 praepositus
776 3242 884 3307 fuerit.
931 3244 997 3310 Qui
1022 3246 1050 3308 si
1076 3267 1109 3310 se
1131 3246 1270 3311 viderint
1292 3247 1411 3331 injuste

306 3344 431 3429 gravari
445 3344 496 3408 vel
510 3343 542 3408 vi
557 3344 704 3428 opprimi,
719 3344 768 3408 fas
782 3346 825 3408 sit
839 3345 885 3410 eis
899 3346 940 3410 ad
953 3347 1051 3432 regiae
1066 3348 1245 3432 majestatis
1260 3358 1293 3414 et
1307 3351 1411 3414 archi·

306 3446 446 3531 episcopi
470 3467 606 3510 examen
632 3453 664 3510 et
689 3447 837 3527 tutelam,
860 3449 889 3512 si
914 3457 1023 3513 tamen
1051 3471 1179 3515 necesse
1201 3451 1310 3532 luerit,
1334 3475 1410 3517 oon-

305 3549 426 3633 fugere,
442 3548 498 3632 qui
513 3554 644 3632 propter
658 3549 766 3613 Deum
783 3550 961 3634 equitatem
982 3560 1016 3616 et
1038 3553 1230 3618 clementem
1252 3554 1408 3620 defensio-

305 3673 381 3715 nem
400 3650 446 3715 eis
467 3651 665 3734 impendant.
712 3653 922 3718 Servantibus
940 3655 1010 3719 haec
1025 3656 1091 3720 vita
1105 3665 1227 3722 aeterna
1245 3658 1410 3723 tribuatur

306 3777 326 3819 a
340 3755 482 3819 Domino
502 3754 539 3818 in
557 3754 748 3819 celestibus.
793 3757 987 3841 Quicunque
1000 3781 1076 3824 vero
1090 3761 1299 3840 imminuerit,
1310 3763 1359 3826 vel
1373 3763 1410 3825 in

304 3859 395 3943 pejus
416 3858 572 3922 mutando
593 3858 786 3923 subtraxerit
804 3859 851 3922 eis
872 3861 1043 3944 quiequam
1058 3863 1098 3928 de
1115 3864 1165 3943 iis,
1181 3864 1224 3928 sit
1245 3887 1319 3949 pars
1339 3865 1409 3949 ejus
1433 3869 1446 3884 “

303 3983 379 4026 cum
401 3960 534 4025 Dathan
555 3969 590 4024 et
611 3960 746 4040 Abiron,
769 3969 802 4025 et
825 3983 899 4026 cum
923 3965 1010 4028 Juda
1031 3966 1186 4032 traditore
1209 3968 1353 4047 Domini,
1375 3975 1409 4033 et

303 4066 325 4129 J
326 4065 435 4129 uliano
455 4071 611 4149 apostata,
626 4065 842 4129 aecclesiarum
857 4067 921 4130 Dei
942 4088 1127 4151 oppressore
1142 4077 1175 4133 et
1193 4079 1407 4154 persecutore,

302 4177 425 4234 aeterno
450 4169 654 4264 anathemate
676 4167 796 4251 ligatus
819 4190 893 4234 oum
917 4170 1044 4236 diabolo
1066 4180 1099 4236 et
1121 4175 1243 4258 angelis
1265 4176 1335 4258 ejus
1356 4176 1406 4238 in-

302 4272 488 4349 fernalibus,
514 4270 644 4353 ignibus
671 4279 827 4354 perpetuo
856 4273 1056 4354 cruciandus,
1086 4276 1150 4339 nisi
1175 4277 1340 4360 resipiscat
1374 4285 1408 4341 et

302 4374 460 4438 emendet.
505 4373 623 4450 Amen,
646 4395 750 4452 amen,
774 4395 868 4438 amen
880 4402 889 4454 ;
917 4377 983 4456 fiat,
1007 4379 1075 4458 fiat,
1096 4381 1163 4444 fiat.
1210 4382 1308 4446 Facta
1330 4389 1409 4445 sunt
