3234 5125
295 397 348 451 922
571 396 893 454 MISGELLANEOUS
913 394 1130 451 OHARTERS.

295 588 404 651 eques,
423 568 490 632 sive
508 568 656 633 decuria
672 569 784 653 regali,
802 570 870 633 sive
887 568 928 632 de
946 568 1087 645 civitate,
1106 586 1164 629 seu
1181 564 1223 629 de
1242 563 1327 643 villa,
1346 585 1404 629 seu

296 672 515 756 cujuscmque
530 672 729 737 condicionis
746 672 799 751 sit,
815 691 1006 755 quocunque
1023 669 1143 734 delicto
1160 666 1311 733 facinoris
1331 688 1406 731 con-

295 782 348 837 tra
370 795 428 838 nos
453 775 503 839 vel
530 775 738 841 succedentes
764 796 856 857 reges
880 773 1073 855 Anglorum,
1096 772 1147 835 vel
1169 778 1284 835 contra
1305 770 1405 832 alium

295 876 471 959 quemlibet
504 878 630 942 fidelem
664 886 775 941 sancte
806 877 939 942 ecclesie
966 876 1030 941 Dei
1058 873 1241 939 forisfactus
1268 872 1321 951 sit,
1354 893 1404 935 re·

295 980 421 1045 laxetur
434 990 468 1045 et
481 980 647 1059 liberetur,
663 989 697 1045 et
711 981 812 1044 vitam
828 988 924 1062 atque
939 978 1095 1055 membra,
1112 976 1232 1060 absque
1247 976 1314 1039 ulla
1328 995 1403 1039 oon-

296 1083 499 1162 tradictione,
514 1083 693 1148 obtineat.'’
738 1084 898 1147 Praeterca
911 1081 1160 1146 interminamur
1175 1078 1283 1143 divina
1297 1084 1405 1142 aucto-

296 1186 393 1249 ritate
410 1194 444 1251 et
457 1194 579 1265 nostra,
589 1195 628 1251 ut
641 1208 747 1271 neque
760 1206 832 1264 nos,
843 1206 947 1269 neque
962 1204 1159 1248 successores
1173 1180 1287 1259 nostri,
1302 1181 1405 1263 neq'ue

296 1290 431 1372 quilibet
445 1290 612 1374 episcopus
627 1290 676 1353 vel
697 1289 967 1372 archiepiscopus,
985 1308 1046 1351 nec
1061 1286 1245 1370 quicunque
1262 1282 1302 1347 de
1318 1282 1404 1367 judi·

296 1390 395 1455 ciaria
412 1399 580 1477 potestate,
596 1392 631 1455 in
648 1392 751 1476 ipsam
772 1398 917 1455 sanctam
932 1389 1108 1466 basilicam,
1123 1387 1173 1452 vel
1188 1387 1224 1450 in
1238 1392 1404 1450 manentes
1473 1472 1479 1481 Ι

296 1495 331 1557 in
355 1494 434 1578 ipsa,
458 1496 509 1559 vel
532 1496 568 1557 in
593 1495 741 1559 homines
763 1494 820 1578 qui
845 1515 920 1559 cum
943 1514 1003 1557 sua
1026 1491 1208 1556 substantia
1233 1490 1283 1554 vel
1309 1488 1404 1553 rebus

297 1596 337 1660 sd
358 1598 461 1680 ipsam
479 1598 605 1661 tradere
622 1596 673 1661 vel
696 1596 850 1661 devovere
873 1618 908 1661 se
932 1595 1103 1674 voluerint,
1128 1593 1192 1657 nisi
1212 1614 1269 1677 per
1293 1592 1404 1657 volun-

296 1706 399 1763 tatem
413 1699 539 1763 abbatis
553 1707 587 1763 et
601 1720 733 1763 suorum
748 1699 980 1764 monachorum
995 1698 1095 1761 ullam
1107 1717 1251 1780 unquam
1261 1695 1404 1760 habeant

298 1808 510 1883 potestatem3
542 1799 599 1865 sed
630 1802 674 1865 sit
705 1802 766 1866 bec
798 1812 909 1867 sancta
937 1791 1041 1866 mater
1070 1800 1204 1865 ecclesia
1235 1797 1404 1883 peculiaris

297 1904 426 1986 patroni
439 1905 540 1967 nostri
555 1904 643 1968 beati
663 1905 753 1969 Petri
770 1904 907 1989 apostoli
927 1904 1029 1969 libera
1046 1912 1080 1968 et
1100 1903 1246 1967 absoluta
1261 1902 1301 1967 ab
1315 1901 1404 1966 omni

297 2005 462 2070 invasione
485 2008 535 2071 vel
556 2006 780 2091 inquietudine
808 2007 955 2071 omnium
980 2006 1161 2085 bominum,
1185 2006 1403 2090 cujuscunque

297 2108 418 2172 ordinis
440 2109 491 2173 vel
512 2110 682 2193 potestatis
703 2131 773 2174 esse
794 2109 974 2174 videantur.
1027 2112 1068 2175 In
1091 2108 1234 2173 maneria
1256 2128 1330 2171 vero
1352 2106 1402 2170 vel

297 2220 404 2275 curtes
432 2211 564 2295 praefate
585 2202 717 2277 basilice
745 2214 792 2277 sic
822 2221 855 2277 et
881 2213 939 2277 ubi
967 2213 1002 2276 in
1028 2231 1236 2296 quascunque
1258 2209 1405 2293 regiones

296 2312 345 2377 vel
366 2336 464 2397 pagos
485 2314 521 2377 in
534 2336 634 2398 regno
648 2324 760 2380 nostro
777 2315 929 2399 quicquid
945 2314 1030 2379 odie
1045 2315 1194 2399 praesenti
1211 2314 1317 2397 ipsum
1335 2333 1403 2375 mo·

296 2420 473 2481 nasterium
493 2418 654 2503 possidere
677 2427 711 2483 ct
734 2418 894 2483 dominari
916 2418 1052 2497 videtur,
1076 2418 1126 2481 vel
1148 2415 1233 2501 quod
1256 2438 1276 2480 a
1297 2417 1402 2480 Deum

295 2520 486 2587 timentibus
521 2520 705 2587 hominibus
735 2542 792 2606 per
820 2520 967 2605 legitima
996 2528 1158 2586 cartarum
1187 2520 1404 2584 instrumenta

230 2641 234 2648 ·
296 2623 416 2688 ibidem
440 2625 503 2688 fuit
528 2646 725 2705 concessum,
744 2625 795 2689 vel
817 2625 853 2688 in
875 2632 972 2688 antea
993 2624 1054 2688 erit
1077 2623 1223 2688 additum
1244 2623 1295 2686 vel
1317 2622 1402 2688 dele-

295 2737 418 2811 gatum,
427 2749 487 2793 nec
502 2728 543 2793 ad
557 2750 670 2794 causas
686 2729 872 2807 audiendas,
883 2749 944 2792 nec
960 2727 1002 2792 ad
1016 2728 1219 2812 fidejussores
1229 2726 1403 2804 tollendos,

295 2851 356 2896 nec
385 2831 427 2894 ad
447 2831 539 2896 freda
566 2831 616 2896 vel
645 2832 770 2897 bannos
799 2831 980 2914 exigendos,
1011 2839 1044 2894 et
1073 2830 1113 2894 sd
1142 2829 1324 2894 mansiones
1353 2827 1404 2891 vel

296 2941 424 3016 paratas
447 2933 640 3012 faciendum,
657 2954 718 2998 nec
742 2934 826 2996 ullas
854 2933 1066 2998 redibieiones
1088 2931 1296 3016 requirendas
1318 2931 1405 2995 infra

295 3034 536 3104 immunitatem
554 3036 665 3100 Sancti
682 3036 773 3100 Petri
789 3035 915 3120 ingredi
932 3037 983 3100 vel
1000 3036 1161 3120 requirere
1176 3055 1304 3119 quoquo
1321 3043 1402 3098 tem-

296 3158 373 3221 pore
396 3146 618 3221 presumatur3
645 3139 700 3203 sed
721 3138 873 3222 quiequid
897 3139 1012 3203 exinde
1034 3139 1130 3203 fiscus
1158 3144 1269 3202 noster
1290 3157 1404 3200 exauc-

295 3250 366 3305 tare
399 3249 536 3325 poterat,
562 3243 671 3309 omnia
699 3251 733 3307 et
761 3263 800 3307 ex
829 3243 991 3322 omnibns,
1020 3263 1080 3326 pro
1109 3240 1264 3305 mercedis
1283 3247 1404 3326 ,nostre

297 3351 481 3427 augmento,
497 3345 558 3409 sub
575 3346 703 3429 integra
719 3353 752 3411 et
772 3346 955 3410 firmissima
973 3345 1179 3409 immunitate
1198 3343 1404 3409 concedimus

296 3447 336 3510 ad
351 3447 458 3530 ipsum
471 3455 619 3512 sanctum
629 3449 747 3527 locum,
763 3457 797 3512 et
811 3450 1012 3533 imperpetuo
1027 3447 1265 3511 confirmamus.
1317 3447 1404 3509 Con·

296 3549 376 3614 cedo
399 3549 499 3614 eciam
525 3558 559 3616 et
582 3553 737 3617 confirmo
755 3573 869 3616 omnes
888 3551 1053 3616 libertates
1072 3558 1105 3615 et
1127 3549 1319 3614 donaciones
1338 3557 1404 3614 ter·

295 3673 406 3716 rarum
435 3674 497 3735 que
526 3674 546 3716 a
572 3654 723 3738 predictis
751 3656 882 3739 regibus
912 3676 968 3720 seu
997 3653 1079 3732 aliis,
1106 3653 1191 3717 sicut
1219 3652 1340 3736 legitur
1368 3651 1404 3715 in

296 3755 431 3839 antiquo
453 3755 646 3842 telligrapho
662 3758 831 3838 libertatis,
855 3766 931 3823 ante
946 3779 1000 3822 mc
1017 3757 1144 3822 donatae
1164 3765 1259 3822 sunt:
1283 3757 1405 3822 scilicet

297 3856 448 3936 Hamme,
462 3859 619 3942 Wynton,
635 3860 790 3939 Mordun,
807 3861 947 3938 Fentnn‚
968 3859 1162 3938 Aldcnham‚
1178 3857 1403 3936 Blecccnbam‚

297 3960 533 4046 Lothereslege,
550 3984 629 4047 quas
648 3971 760 4029 tamen
781 3964 973 4029 venerabilis
998 3966 1189 4029 Dunstanus
1214 3985 1234 4026 a
1256 3983 1319 4040 me,
1339 3982 1406 4025 una

296 4083 372 4128 enm
390 4065 534 4148 predicto
551 4065 632 4144 loco,
650 4074 773 4130 emerat
781 4093 792 4146 ;
817 4087 942 4130 necnon
966 4075 999 4132 et
1017 4067 1181 4132 libertates
1197 4074 1294 4149 atque
1314 4087 1403 4150 emp-

296 4166 404 4231 ciones
419 4189 499 4252 quas
517 4169 605 4232 idem
623 4168 824 4248 Dunstanns‚
839 4191 892 4233 me
912 4171 1118 4248 concedente,
1134 4169 1175 4233 ab
1193 4168 1404 4252 optimatibus

296 4270 377 4333 meis
401 4278 562 4335 mercatus
586 4279 646 4350 est,
670 4277 703 4334 et
726 4293 805 4354 quas
831 4273 931 4335 eciam
958 4293 1066 4336 coram
1090 4271 1244 4355 legitimis
1264 4271 1404 4336 testibus

295 4373 402 4457 sigillo
433 4395 493 4437 suo
526 4382 560 4438 et
591 4375 689 4438 anulo
713 4375 886 4458 episcopali
915 4374 1035 4440 ibidem
1072 4377 1107 4438 in
1140 4397 1236 4440 usum
1266 4375 1404 4440 fratrum
