<?xml version="1.0" encoding="UTF-8"?>
<!DOCTYPE html PUBLIC "-//W3C//DTD XHTML 1.0 Transitional//EN"
    "http://www.w3.org/TR/xhtml1/DTD/xhtml1-transitional.dtd">
<html xmlns="http://www.w3.org/1999/xhtml" xml:lang="en" lang="en">
 <head>
  <title>
</title>
<meta http-equiv="Content-Type" content="text/html;charset=utf-8" />
  <meta name='ocr-system' content='tesseract 3.04.00' />
  <meta name='ocr-capabilities' content='ocr_page ocr_carea ocr_par ocr_line ocrx_word'/>
</head>
<body>
  <div class='ocr_page' id='page_1' title='image "./diplomatariuman02thorgoog_0054.png"; bbox 0 0 3234 5125; ppageno 0'>
   <div class='ocr_carea' id='block_1_1' title="bbox 323 427 1154 523">
    <p class='ocr_par' dir='ltr' id='par_1_1' title="bbox 323 427 1154 523">
     <span class='ocr_line' id='line_1_1' title="bbox 323 427 1154 523; baseline 0.002 -36"><span class='ocrx_word' id='word_1_1' title='bbox 323 434 359 488; x_wconf 92' lang='lat'>10</span> <span class='ocrx_word' id='word_1_2' title='bbox 442 516 446 523; x_wconf 37' lang='grc' dir='ltr'>Ι</span> <span class='ocrx_word' id='word_1_3' title='bbox 599 427 921 489; x_wconf 71' lang='lat' dir='ltr'>urscunmuuous</span> <span class='ocrx_word' id='word_1_4' title='bbox 938 432 1154 489; x_wconf 71' lang='lat' dir='ltr'>CHARTERS.</span> 
     </span>
    </p>
   </div>
   <div class='ocr_carea' id='block_1_2' title="bbox 306 602 1484 4485">
    <p class='ocr_par' dir='ltr' id='par_1_2' title="bbox 306 602 1484 4485">
     <span class='ocr_line' id='line_1_2' title="bbox 322 602 1427 690; baseline 0.003 -22"><span class='ocrx_word' id='word_1_5' title='bbox 322 602 441 688; x_wconf 88' lang='lat' dir='ltr'>injuria</span> <span class='ocrx_word' id='word_1_6' title='bbox 454 602 536 667; x_wconf 90' lang='lat' dir='ltr'>illud</span> <span class='ocrx_word' id='word_1_7' title='bbox 556 602 675 669; x_wconf 85' lang='lat' dir='ltr'>lterum</span> <span class='ocrx_word' id='word_1_8' title='bbox 696 603 850 668; x_wconf 76' lang='lat' dir='ltr'><strong>dimittet.</strong></span> <span class='ocrx_word' id='word_1_9' title='bbox 897 603 1106 669; x_wconf 84' lang='lat' dir='ltr'>Horrendurn</span> <span class='ocrx_word' id='word_1_10' title='bbox 1124 614 1174 669; x_wconf 84' lang='lat' dir='ltr'>cst</span> <span class='ocrx_word' id='word_1_11' title='bbox 1191 606 1302 690; x_wconf 83' lang='lat' dir='ltr'>itaque</span> <span class='ocrx_word' id='word_1_12' title='bbox 1322 606 1427 673; x_wconf 88' lang='lat' dir='ltr'>homi·</span> 
     </span>
     <span class='ocr_line' id='line_1_3' title="bbox 321 706 1428 793; baseline 0.004 -23"><span class='ocrx_word' id='word_1_13' title='bbox 321 706 416 772; x_wconf 90' lang='lat' dir='ltr'>nibus</span> <span class='ocrx_word' id='word_1_14' title='bbox 442 708 549 771; x_wconf 90' lang='lat' dir='ltr'>Deum</span> <span class='ocrx_word' id='word_1_15' title='bbox 573 706 681 771; x_wconf 82' lang='lat' dir='ltr'>vivum</span> <span class='ocrx_word' id='word_1_16' title='bbox 706 706 893 790; x_wconf 82' lang='lat' dir='ltr'>exspoliare,</span> <span class='ocrx_word' id='word_1_17' title='bbox 920 707 1128 791; x_wconf 88' lang='lat' dir='ltr'>tunicamque</span> <span class='ocrx_word' id='word_1_18' title='bbox 1155 709 1225 793; x_wconf 86' lang='lat' dir='ltr'>ejus</span> <span class='ocrx_word' id='word_1_19' title='bbox 1246 716 1281 773; x_wconf 88' lang='lat' dir='ltr'>et</span> <span class='ocrx_word' id='word_1_20' title='bbox 1302 708 1428 774; x_wconf 86' lang='lat' dir='ltr'>heredi·</span> 
     </span>
     <span class='ocr_line' id='line_1_4' title="bbox 320 809 1428 895; baseline 0.002 -21"><span class='ocrx_word' id='word_1_21' title='bbox 320 818 422 874; x_wconf 87' lang='lat' dir='ltr'>tatem</span> <span class='ocrx_word' id='word_1_22' title='bbox 445 810 599 875; x_wconf 60' lang='lat' dir='ltr'>sundere.</span> <span class='ocrx_word' id='word_1_23' title='bbox 645 810 729 874; x_wconf 83' lang='lat' dir='ltr'>eum</span> <span class='ocrx_word' id='word_1_24' title='bbox 757 829 835 893; x_wconf 83' lang='lat' dir='ltr'>ergo</span> <span class='ocrx_word' id='word_1_25' title='bbox 860 809 933 874; x_wconf 91' lang='lat' dir='ltr'>Deo</span> <span class='ocrx_word' id='word_1_26' title='bbox 955 809 1102 874; x_wconf 75' lang='lat' dir='ltr'>oblatum</span> <span class='ocrx_word' id='word_1_27' title='bbox 1123 810 1246 895; x_wconf 89' lang='lat' dir='ltr'>aliquid</span> <span class='ocrx_word' id='word_1_28' title='bbox 1268 810 1367 876; x_wconf 77' lang='lat' dir='ltr'>fuerit</span> <span class='ocrx_word' id='word_1_29' title='bbox 1387 812 1428 876; x_wconf 90' lang='lat' dir='ltr'>de</span> 
     </span>
     <span class='ocr_line' id='line_1_5' title="bbox 321 911 1426 995; baseline 0.002 -18"><span class='ocrx_word' id='word_1_30' title='bbox 321 913 457 977; x_wconf 86' lang='lat' dir='ltr'>terrenis</span> <span class='ocrx_word' id='word_1_31' title='bbox 476 912 674 991; x_wconf 75' lang='lat' dir='ltr'>substantiis,</span> <span class='ocrx_word' id='word_1_32' title='bbox 690 912 731 976; x_wconf 92' lang='lat' dir='ltr'>ad</span> <span class='ocrx_word' id='word_1_33' title='bbox 745 911 807 976; x_wconf 90' lang='lat' dir='ltr'>hoc</span> <span class='ocrx_word' id='word_1_34' title='bbox 822 919 860 975; x_wconf 90' lang='lat' dir='ltr'>ut</span> <span class='ocrx_word' id='word_1_35' title='bbox 873 911 1000 976; x_wconf 83' lang='lat' dir='ltr'>facilius</span> <span class='ocrx_word' id='word_1_36' title='bbox 1013 912 1189 995; x_wconf 88' lang='lat' dir='ltr'>promereri</span> <span class='ocrx_word' id='word_1_37' title='bbox 1202 913 1332 979; x_wconf 79' lang='lat' dir='ltr'>valeant</span> <span class='ocrx_word' id='word_1_38' title='bbox 1348 914 1426 979; x_wconf 83' lang='lat' dir='ltr'>olle·</span> 
     </span>
     <span class='ocr_line' id='line_1_6' title="bbox 320 1014 1426 1097; baseline 0.002 -18"><span class='ocrx_word' id='word_1_39' title='bbox 320 1023 427 1079; x_wconf 88' lang='lat' dir='ltr'>rentes</span> <span class='ocrx_word' id='word_1_40' title='bbox 455 1023 600 1081; x_wconf 81' lang='lat' dir='ltr'>atumem</span> <span class='ocrx_word' id='word_1_41' title='bbox 628 1014 875 1079; x_wconf 88' lang='lat' dir='ltr'>retributionem</span> <span class='ocrx_word' id='word_1_42' title='bbox 905 1014 1068 1097; x_wconf 73' lang='lat' dir='ltr'>percipere</span> <span class='ocrx_word' id='word_1_43' title='bbox 1089 1014 1126 1078; x_wconf 90' lang='lat' dir='ltr'>in</span> <span class='ocrx_word' id='word_1_44' title='bbox 1150 1014 1228 1079; x_wconf 89' lang='lat' dir='ltr'>celis</span> <span class='ocrx_word' id='word_1_45' title='bbox 1255 1016 1426 1081; x_wconf 76' lang='lat' dir='ltr'>manifeste</span> 
     </span>
     <span class='ocr_line' id='line_1_7' title="bbox 319 1114 1426 1202; baseline 0.004 -21"><span class='ocrx_word' id='word_1_46' title='bbox 319 1117 509 1197; x_wconf 83' lang='lat' dir='ltr'>declaratur,</span> <span class='ocrx_word' id='word_1_47' title='bbox 525 1116 611 1201; x_wconf 91' lang='lat' dir='ltr'>quod</span> <span class='ocrx_word' id='word_1_48' title='bbox 625 1124 747 1201; x_wconf 89' lang='lat' dir='ltr'>quanto</span> <span class='ocrx_word' id='word_1_49' title='bbox 761 1114 924 1180; x_wconf 82' lang='lat' dir='ltr'>incautius</span> <span class='ocrx_word' id='word_1_50' title='bbox 941 1116 1039 1180; x_wconf 91' lang='lat' dir='ltr'>homo</span> <span class='ocrx_word' id='word_1_51' title='bbox 1052 1116 1205 1181; x_wconf 66' lang='lat' dir='ltr'>molaris</span> <span class='ocrx_word' id='word_1_52' title='bbox 1223 1118 1378 1202; x_wconf 78' lang='lat' dir='ltr'>applicuit</span> <span class='ocrx_word' id='word_1_53' title='bbox 1391 1141 1426 1184; x_wconf 83' lang='lat' dir='ltr'>ae</span> 
     </span>
     <span class='ocr_line' id='line_1_8' title="bbox 318 1218 1422 1306; baseline 0.004 -23"><span class='ocrx_word' id='word_1_54' title='bbox 318 1221 352 1283; x_wconf 89' lang='lat' dir='ltr'>in</span> <span class='ocrx_word' id='word_1_55' title='bbox 363 1220 575 1285; x_wconf 77' lang='lat' dir='ltr'>hereditatem</span> <span class='ocrx_word' id='word_1_56' title='bbox 594 1220 679 1303; x_wconf 85' lang='lat' dir='ltr'>regis</span> <span class='ocrx_word' id='word_1_57' title='bbox 702 1219 817 1299; x_wconf 88' lang='lat' dir='ltr'>eterni,</span> <span class='ocrx_word' id='word_1_58' title='bbox 832 1227 926 1284; x_wconf 84' lang='lat' dir='ltr'>tanto</span> <span class='ocrx_word' id='word_1_59' title='bbox 939 1218 1119 1285; x_wconf 69' lang='lat' dir='ltr'>dutrictius</span> <span class='ocrx_word' id='word_1_60' title='bbox 1133 1242 1153 1285; x_wconf 90' lang='lat' dir='ltr'>a</span> <span class='ocrx_word' id='word_1_61' title='bbox 1166 1222 1239 1285; x_wconf 90' lang='lat' dir='ltr'>Dee</span> <span class='ocrx_word' id='word_1_62' title='bbox 1259 1222 1422 1306; x_wconf 86' lang='lat' dir='ltr'>punietur.</span> 
     </span>
     <span class='ocr_line' id='line_1_9' title="bbox 318 1321 1424 1408; baseline 0 -20"><span class='ocrx_word' id='word_1_63' title='bbox 318 1324 463 1408; x_wconf 83' lang='lat' dir='ltr'>Proque</span> <span class='ocrx_word' id='word_1_64' title='bbox 484 1344 520 1388; x_wconf 89' lang='lat' dir='ltr'>re</span> <span class='ocrx_word' id='word_1_65' title='bbox 544 1322 682 1386; x_wconf 87' lang='lat' dir='ltr'>firmiter</span> <span class='ocrx_word' id='word_1_66' title='bbox 701 1321 914 1401; x_wconf 85' lang='lat' dir='ltr'>decernimus,</span> <span class='ocrx_word' id='word_1_67' title='bbox 932 1322 1020 1387; x_wconf 88' lang='lat' dir='ltr'>etin</span> <span class='ocrx_word' id='word_1_68' title='bbox 1040 1322 1172 1387; x_wconf 91' lang='lat' dir='ltr'>nomine</span> <span class='ocrx_word' id='word_1_69' title='bbox 1191 1323 1424 1407; x_wconf 90' lang='lat' dir='ltr'>omnipotentis</span> 
     </span>
     <span class='ocr_line' id='line_1_10' title="bbox 318 1422 1422 1509; baseline 0.001 -19"><span class='ocrx_word' id='word_1_70' title='bbox 318 1426 380 1491; x_wconf 91' lang='lat' dir='ltr'>Dei</span> <span class='ocrx_word' id='word_1_71' title='bbox 402 1426 611 1509; x_wconf 89' lang='lat' dir='ltr'>omniumque</span> <span class='ocrx_word' id='word_1_72' title='bbox 637 1432 823 1489; x_wconf 88' lang='lat' dir='ltr'>sanctorum</span> <span class='ocrx_word' id='word_1_73' title='bbox 847 1422 1061 1509; x_wconf 72' lang='lat' dir='ltr'>precipimus,</span> <span class='ocrx_word' id='word_1_74' title='bbox 1084 1424 1238 1489; x_wconf 84' lang='lat' dir='ltr'>omnibns</span> <span class='ocrx_word' id='word_1_75' title='bbox 1257 1447 1422 1491; x_wconf 58' lang='lat' dir='ltr'>succuu-</span> 
     </span>
     <span class='ocr_line' id='line_1_11' title="bbox 317 1525 1424 1612; baseline 0 -19"><span class='ocrx_word' id='word_1_76' title='bbox 317 1528 406 1593; x_wconf 93' lang='lat' dir='ltr'>ribus</span> <span class='ocrx_word' id='word_1_77' title='bbox 420 1528 539 1593; x_wconf 87' lang='lat' dir='ltr'>nostris</span> <span class='ocrx_word' id='word_1_78' title='bbox 557 1525 697 1612; x_wconf 78' lang='lat' dir='ltr'>regibus,</span> <span class='ocrx_word' id='word_1_79' title='bbox 712 1526 921 1611; x_wconf 90' lang='lat' dir='ltr'>principibus,</span> <span class='ocrx_word' id='word_1_80' title='bbox 937 1535 971 1591; x_wconf 89' lang='lat' dir='ltr'>et</span> <span class='ocrx_word' id='word_1_81' title='bbox 987 1525 1139 1591; x_wconf 91' lang='lat' dir='ltr'>omnibus</span> <span class='ocrx_word' id='word_1_82' title='bbox 1158 1527 1192 1592; x_wconf 92' lang='lat' dir='ltr'>in</span> <span class='ocrx_word' id='word_1_83' title='bbox 1211 1528 1295 1593; x_wconf 87' lang='lat' dir='ltr'>laico</span> <span class='ocrx_word' id='word_1_84' title='bbox 1309 1528 1424 1593; x_wconf 88' lang='lat' dir='ltr'>habitu</span> 
     </span>
     <span class='ocr_line' id='line_1_12' title="bbox 317 1628 1423 1716; baseline 0.002 -21"><span class='ocrx_word' id='word_1_85' title='bbox 317 1630 510 1709; x_wconf 88' lang='lat' dir='ltr'>constitutis,</span> <span class='ocrx_word' id='word_1_86' title='bbox 540 1637 578 1692; x_wconf 92' lang='lat' dir='ltr'>ut</span> <span class='ocrx_word' id='word_1_87' title='bbox 613 1629 696 1692; x_wconf 91' lang='lat' dir='ltr'>nulli</span> <span class='ocrx_word' id='word_1_88' title='bbox 731 1650 876 1712; x_wconf 87' lang='lat' dir='ltr'>uuquam</span> <span class='ocrx_word' id='word_1_89' title='bbox 908 1629 1005 1694; x_wconf 88' lang='lat' dir='ltr'>liceat</span> <span class='ocrx_word' id='word_1_90' title='bbox 1038 1628 1174 1716; x_wconf 86' lang='lat' dir='ltr'>alicujus</span> <span class='ocrx_word' id='word_1_91' title='bbox 1213 1630 1347 1697; x_wconf 84' lang='lat' dir='ltr'>ecclesie</span> <span class='ocrx_word' id='word_1_92' title='bbox 1372 1631 1423 1697; x_wconf 86' lang='lat' dir='ltr'>vel</span> 
     </span>
     <span class='ocr_line' id='line_1_13' title="bbox 317 1729 1422 1815; baseline 0.001 -19"><span class='ocrx_word' id='word_1_93' title='bbox 317 1732 503 1797; x_wconf 89' lang='lat' dir='ltr'>monasterii</span> <span class='ocrx_word' id='word_1_94' title='bbox 526 1730 705 1796; x_wconf 89' lang='lat' dir='ltr'>dominium</span> <span class='ocrx_word' id='word_1_95' title='bbox 729 1729 847 1797; x_wconf 88' lang='lat' dir='ltr'>habere</span> <span class='ocrx_word' id='word_1_96' title='bbox 875 1753 948 1815; x_wconf 78' lang='lat' dir='ltr'>quae</span> <span class='ocrx_word' id='word_1_97' title='bbox 971 1752 992 1795; x_wconf 90' lang='lat' dir='ltr'>a</span> <span class='ocrx_word' id='word_1_98' title='bbox 1010 1732 1137 1797; x_wconf 80' lang='lat' dir='ltr'>merel</span> <span class='ocrx_word' id='word_1_99' title='bbox 1166 1731 1422 1797; x_wconf 85' lang='lat' dir='ltr'>antecessoribus</span> 
     </span>
     <span class='ocr_line' id='line_1_14' title="bbox 317 1830 1421 1919; baseline 0.002 -20"><span class='ocrx_word' id='word_1_100' title='bbox 317 1835 397 1899; x_wconf 90' lang='lat' dir='ltr'>meis</span> <span class='ocrx_word' id='word_1_101' title='bbox 410 1835 521 1919; x_wconf 78' lang='lat' dir='ltr'>priscis</span> <span class='ocrx_word' id='word_1_102' title='bbox 536 1833 733 1918; x_wconf 76' lang='lat' dir='ltr'>temporibus</span> <span class='ocrx_word' id='word_1_103' title='bbox 747 1830 866 1897; x_wconf 74' lang='lat' dir='ltr'>tradita</span> <span class='ocrx_word' id='word_1_104' title='bbox 884 1842 960 1897; x_wconf 91' lang='lat' dir='ltr'>sunt</span> <span class='ocrx_word' id='word_1_105' title='bbox 980 1834 1052 1899; x_wconf 88' lang='lat' dir='ltr'>Deo</span> <span class='ocrx_word' id='word_1_106' title='bbox 1069 1834 1105 1898; x_wconf 91' lang='lat' dir='ltr'>in</span> <span class='ocrx_word' id='word_1_107' title='bbox 1122 1844 1310 1919; x_wconf 86' lang='lat' dir='ltr'>perpetuam</span> <span class='ocrx_word' id='word_1_108' title='bbox 1328 1835 1421 1901; x_wconf 89' lang='lat' dir='ltr'>here·</span> 
     </span>
     <span class='ocr_line' id='line_1_15' title="bbox 316 1936 1421 2023; baseline 0.003 -22"><span class='ocrx_word' id='word_1_109' title='bbox 316 1938 451 2002; x_wconf 85' lang='lat' dir='ltr'>ditatam</span> <span class='ocrx_word' id='word_1_110' title='bbox 466 1945 499 2002; x_wconf 90' lang='lat' dir='ltr'>et</span> <span class='ocrx_word' id='word_1_111' title='bbox 511 1937 631 2001; x_wconf 86' lang='lat' dir='ltr'>sanctis</span> <span class='ocrx_word' id='word_1_112' title='bbox 650 1936 737 2020; x_wconf 89' lang='lat' dir='ltr'>ejus:</span> <span class='ocrx_word' id='word_1_113' title='bbox 760 1936 864 2019; x_wconf 81' lang='lat' dir='ltr'>magis</span> <span class='ocrx_word' id='word_1_114' title='bbox 879 1942 999 2016; x_wconf 88' lang='lat' dir='ltr'>autem,</span> <span class='ocrx_word' id='word_1_115' title='bbox 1010 1936 1094 2001; x_wconf 89' lang='lat' dir='ltr'>sicut</span> <span class='ocrx_word' id='word_1_116' title='bbox 1104 1936 1140 1999; x_wconf 87' lang='lat' dir='ltr'>in</span> <span class='ocrx_word' id='word_1_117' title='bbox 1154 1938 1333 2003; x_wconf 87' lang='lat' dir='ltr'>canonibus</span> <span class='ocrx_word' id='word_1_118' title='bbox 1346 1959 1421 2023; x_wconf 86' lang='lat' dir='ltr'>pre·</span> 
     </span>
     <span class='ocr_line' id='line_1_16' title="bbox 315 2036 1420 2124; baseline 0.001 -20"><span class='ocrx_word' id='word_1_119' title='bbox 315 2041 442 2124; x_wconf 91' lang='lat' dir='ltr'>cipitur,</span> <span class='ocrx_word' id='word_1_120' title='bbox 468 2037 658 2103; x_wconf 85' lang='lat' dir='ltr'>servandum</span> <span class='ocrx_word' id='word_1_121' title='bbox 676 2046 735 2117; x_wconf 90' lang='lat' dir='ltr'>est,</span> <span class='ocrx_word' id='word_1_122' title='bbox 760 2045 798 2101; x_wconf 92' lang='lat' dir='ltr'>ut</span> <span class='ocrx_word' id='word_1_123' title='bbox 813 2036 943 2121; x_wconf 88' lang='lat' dir='ltr'>quando</span> <span class='ocrx_word' id='word_1_124' title='bbox 959 2037 1076 2122; x_wconf 83' lang='lat' dir='ltr'>aliquis</span> <span class='ocrx_word' id='word_1_125' title='bbox 1097 2038 1137 2101; x_wconf 91' lang='lat' dir='ltr'>de</span> <span class='ocrx_word' id='word_1_126' title='bbox 1155 2039 1288 2123; x_wconf 85' lang='lat' dir='ltr'>prelatis</span> <span class='ocrx_word' id='word_1_127' title='bbox 1307 2040 1420 2105; x_wconf 82' lang='lat' dir='ltr'>delim-</span> 
     </span>
     <span class='ocr_line' id='line_1_17' title="bbox 314 2140 1421 2229; baseline 0 -21"><span class='ocrx_word' id='word_1_128' title='bbox 314 2143 412 2227; x_wconf 85' lang='lat' dir='ltr'>gitur,</span> <span class='ocrx_word' id='word_1_129' title='bbox 428 2142 602 2227; x_wconf 87' lang='lat' dir='ltr'>episcopus,</span> <span class='ocrx_word' id='word_1_130' title='bbox 619 2140 727 2220; x_wconf 84' lang='lat' dir='ltr'>abbas,</span> <span class='ocrx_word' id='word_1_131' title='bbox 742 2140 793 2205; x_wconf 83' lang='lat' dir='ltr'>val</span> <span class='ocrx_word' id='word_1_132' title='bbox 813 2140 984 2219; x_wconf 85' lang='lat' dir='ltr'>abbatissa,</span> <span class='ocrx_word' id='word_1_133' title='bbox 999 2140 1168 2206; x_wconf 83' lang='lat' dir='ltr'>intimetur</span> <span class='ocrx_word' id='word_1_134' title='bbox 1182 2142 1421 2229; x_wconf 75' lang='lat' dir='ltr'>archiepiscopo</span> 
     </span>
     <span class='ocr_line' id='line_1_18' title="bbox 314 2240 1419 2332; baseline 0.001 -22"><span class='ocrx_word' id='word_1_135' title='bbox 314 2245 441 2332; x_wconf 88' lang='lat' dir='ltr'>proprie</span> <span class='ocrx_word' id='word_1_136' title='bbox 462 2243 620 2329; x_wconf 86' lang='lat' dir='ltr'>parochie,</span> <span class='ocrx_word' id='word_1_137' title='bbox 644 2251 677 2307; x_wconf 88' lang='lat' dir='ltr'>et</span> <span class='ocrx_word' id='word_1_138' title='bbox 699 2264 773 2308; x_wconf 89' lang='lat' dir='ltr'>curn</span> <span class='ocrx_word' id='word_1_139' title='bbox 796 2244 866 2327; x_wconf 87' lang='lat' dir='ltr'>ejus</span> <span class='ocrx_word' id='word_1_140' title='bbox 890 2240 1025 2305; x_wconf 88' lang='lat' dir='ltr'>consilio</span> <span class='ocrx_word' id='word_1_141' title='bbox 1047 2249 1080 2307; x_wconf 89' lang='lat' dir='ltr'>ct</span> <span class='ocrx_word' id='word_1_142' title='bbox 1102 2264 1272 2324; x_wconf 88' lang='lat' dir='ltr'>consensu,</span> <span class='ocrx_word' id='word_1_143' title='bbox 1291 2244 1359 2310; x_wconf 87' lang='lat' dir='ltr'>vita</span> <span class='ocrx_word' id='word_1_144' title='bbox 1381 2268 1419 2311; x_wconf 90' lang='lat' dir='ltr'>ac</span> 
     </span>
     <span class='ocr_line' id='line_1_19' title="bbox 314 2342 1419 2432; baseline 0.001 -19"><span class='ocrx_word' id='word_1_145' title='bbox 314 2348 474 2413; x_wconf 75' lang='lat' dir='ltr'>mumditia</span> <span class='ocrx_word' id='word_1_146' title='bbox 497 2348 567 2432; x_wconf 87' lang='lat' dir='ltr'>ejus</span> <span class='ocrx_word' id='word_1_147' title='bbox 591 2346 782 2425; x_wconf 83' lang='lat' dir='ltr'>examinata,</span> <span class='ocrx_word' id='word_1_148' title='bbox 806 2343 863 2427; x_wconf 91' lang='lat' dir='ltr'>qui</span> <span class='ocrx_word' id='word_1_149' title='bbox 884 2342 1002 2429; x_wconf 77' lang='lat' dir='ltr'>dignus</span> <span class='ocrx_word' id='word_1_150' title='bbox 1023 2344 1187 2411; x_wconf 79' lang='lat' dir='ltr'>invenitur</span> <span class='ocrx_word' id='word_1_151' title='bbox 1212 2347 1361 2431; x_wconf 67' lang='lat' dir='ltr'>eligam,</span> <span class='ocrx_word' id='word_1_152' title='bbox 1384 2357 1419 2414; x_wconf 87' lang='lat' dir='ltr'>et</span> 
     </span>
     <span class='ocr_line' id='line_1_20' title="bbox 314 2449 1420 2537; baseline -0.01 -20"><span class='ocrx_word' id='word_1_153' title='bbox 314 2452 405 2517; x_wconf 92' lang='lat' dir='ltr'>nullo</span> <span class='ocrx_word' id='word_1_154' title='bbox 425 2451 521 2515; x_wconf 91' lang='lat' dir='ltr'>modo</span> <span class='ocrx_word' id='word_1_155' title='bbox 544 2450 613 2513; x_wconf 90' lang='lat' dir='ltr'>sine</span> <span class='ocrx_word' id='word_1_156' title='bbox 639 2470 797 2513; x_wconf 89' lang='lat' dir='ltr'>consensu</span> <span class='ocrx_word' id='word_1_157' title='bbox 820 2457 853 2512; x_wconf 90' lang='lat' dir='ltr'>et</span> <span class='ocrx_word' id='word_1_158' title='bbox 875 2449 1026 2513; x_wconf 88' lang='lat' dir='ltr'>consultu</span> <span class='ocrx_word' id='word_1_159' title='bbox 1048 2450 1277 2537; x_wconf 89' lang='lat' dir='ltr'>archiepiscopi</span> <span class='ocrx_word' id='word_1_160' title='bbox 1291 2474 1420 2537; x_wconf 83' lang='lat' dir='ltr'>promo.</span> 
     </span>
     <span class='ocr_line' id='line_1_21' title="bbox 313 2550 1419 2638; baseline 0.001 -18"><span class='ocrx_word' id='word_1_161' title='bbox 313 2563 435 2620; x_wconf 74' lang='lat' dir='ltr'>vestrm</span> <span class='ocrx_word' id='word_1_162' title='bbox 480 2553 597 2638; x_wconf 91' lang='lat' dir='ltr'>Neque</span> <span class='ocrx_word' id='word_1_163' title='bbox 614 2550 702 2618; x_wconf 91' lang='lat' dir='ltr'>enim</span> <span class='ocrx_word' id='word_1_164' title='bbox 717 2552 757 2617; x_wconf 88' lang='lat' dir='ltr'>de</span> <span class='ocrx_word' id='word_1_165' title='bbox 771 2552 833 2616; x_wconf 87' lang='lat' dir='ltr'>hac</span> <span class='ocrx_word' id='word_1_166' title='bbox 846 2573 883 2617; x_wconf 88' lang='lat' dir='ltr'>re</span> <span class='ocrx_word' id='word_1_167' title='bbox 897 2551 1019 2636; x_wconf 89' lang='lat' dir='ltr'>aliquid</span> <span class='ocrx_word' id='word_1_168' title='bbox 1037 2552 1179 2638; x_wconf 89' lang='lat' dir='ltr'>pertinet</span> <span class='ocrx_word' id='word_1_169' title='bbox 1195 2554 1237 2620; x_wconf 88' lang='lat' dir='ltr'>ad</span> <span class='ocrx_word' id='word_1_170' title='bbox 1252 2555 1419 2621; x_wconf 87' lang='lat' dir='ltr'>decretum</span> 
     </span>
     <span class='ocr_line' id='line_1_22' title="bbox 311 2655 1417 2743; baseline 0 -20"><span class='ocrx_word' id='word_1_171' title='bbox 311 2658 361 2724; x_wconf 83' lang='lat' dir='ltr'>vel</span> <span class='ocrx_word' id='word_1_172' title='bbox 384 2655 555 2742; x_wconf 82' lang='lat' dir='ltr'>imperium</span> <span class='ocrx_word' id='word_1_173' title='bbox 575 2655 668 2739; x_wconf 82' lang='lat' dir='ltr'>regie.</span> <span class='ocrx_word' id='word_1_174' title='bbox 713 2655 807 2720; x_wconf 91' lang='lat' dir='ltr'>Illius</span> <span class='ocrx_word' id='word_1_175' title='bbox 831 2663 941 2719; x_wconf 84' lang='lat' dir='ltr'>autem</span> <span class='ocrx_word' id='word_1_176' title='bbox 966 2664 1015 2720; x_wconf 90' lang='lat' dir='ltr'>est</span> <span class='ocrx_word' id='word_1_177' title='bbox 1038 2655 1183 2736; x_wconf 79' lang='lat' dir='ltr'>comites,</span> <span class='ocrx_word' id='word_1_178' title='bbox 1205 2658 1313 2739; x_wconf 88' lang='lat' dir='ltr'>duces,</span> <span class='ocrx_word' id='word_1_179' title='bbox 1331 2659 1417 2743; x_wconf 89' lang='lat' dir='ltr'>opti·</span> 
     </span>
     <span class='ocr_line' id='line_1_23' title="bbox 311 2758 1417 2846; baseline 0 -19"><span class='ocrx_word' id='word_1_180' title='bbox 311 2769 424 2841; x_wconf 84' lang='lat' dir='ltr'>metes,</span> <span class='ocrx_word' id='word_1_181' title='bbox 433 2761 603 2846; x_wconf 87' lang='lat' dir='ltr'>principes,</span> <span class='ocrx_word' id='word_1_182' title='bbox 614 2759 781 2844; x_wconf 82' lang='lat' dir='ltr'>prefectos,</span> <span class='ocrx_word' id='word_1_183' title='bbox 788 2758 915 2843; x_wconf 87' lang='lat' dir='ltr'>judices</span> <span class='ocrx_word' id='word_1_184' title='bbox 928 2758 1098 2839; x_wconf 89' lang='lat' dir='ltr'>seculares,</span> <span class='ocrx_word' id='word_1_185' title='bbox 1114 2768 1256 2825; x_wconf 80' lang='lat' dir='ltr'>statuere</span> <span class='ocrx_word' id='word_1_186' title='bbox 1263 2787 1274 2840; x_wconf 82' lang='lat'><em>3</em></span> <span class='ocrx_word' id='word_1_187' title='bbox 1297 2770 1417 2827; x_wconf 87' lang='lat' dir='ltr'>metro-</span> 
     </span>
     <span class='ocr_line' id='line_1_24' title="bbox 310 2861 1415 2950; baseline 0 -21"><span class='ocrx_word' id='word_1_188' title='bbox 310 2865 443 2950; x_wconf 86' lang='lat' dir='ltr'>politani</span> <span class='ocrx_word' id='word_1_189' title='bbox 465 2885 540 2930; x_wconf 83' lang='lat' dir='ltr'>vero</span> <span class='ocrx_word' id='word_1_190' title='bbox 566 2871 615 2927; x_wconf 89' lang='lat' dir='ltr'>est</span> <span class='ocrx_word' id='word_1_191' title='bbox 641 2861 869 2947; x_wconf 85' lang='lat' dir='ltr'>archiepiscopi</span> <span class='ocrx_word' id='word_1_192' title='bbox 891 2861 1039 2926; x_wconf 87' lang='lat' dir='ltr'>ecclesias</span> <span class='ocrx_word' id='word_1_193' title='bbox 1061 2861 1124 2927; x_wconf 88' lang='lat' dir='ltr'>Dei</span> <span class='ocrx_word' id='word_1_194' title='bbox 1144 2863 1278 2948; x_wconf 88' lang='lat' dir='ltr'>replere,</span> <span class='ocrx_word' id='word_1_195' title='bbox 1299 2864 1415 2948; x_wconf 81' lang='lat' dir='ltr'>guber-</span> 
     </span>
     <span class='ocr_line' id='line_1_25' title="bbox 310 2961 1417 3050; baseline 0 -19"><span class='ocrx_word' id='word_1_196' title='bbox 310 2989 398 3047; x_wconf 89' lang='lat' dir='ltr'>nare,</span> <span class='ocrx_word' id='word_1_197' title='bbox 419 2966 594 3050; x_wconf 89' lang='lat' dir='ltr'>episcopos,</span> <span class='ocrx_word' id='word_1_198' title='bbox 616 2963 757 3042; x_wconf 87' lang='lat' dir='ltr'>abbates,</span> <span class='ocrx_word' id='word_1_199' title='bbox 777 2961 963 3043; x_wconf 84' lang='lat' dir='ltr'>abbatissas,</span> <span class='ocrx_word' id='word_1_200' title='bbox 983 2969 1168 3048; x_wconf 87' lang='lat' dir='ltr'>ceterosque</span> <span class='ocrx_word' id='word_1_201' title='bbox 1188 2966 1338 3049; x_wconf 86' lang='lat' dir='ltr'>prelatos,</span> <span class='ocrx_word' id='word_1_202' title='bbox 1359 2967 1417 3031; x_wconf 90' lang='lat' dir='ltr'>eli·</span> 
     </span>
     <span class='ocr_line' id='line_1_26' title="bbox 310 3063 1414 3155; baseline -0.001 -21"><span class='ocrx_word' id='word_1_203' title='bbox 310 3091 395 3155; x_wconf 85' lang='lat' dir='ltr'>gere,</span> <span class='ocrx_word' id='word_1_204' title='bbox 413 3075 565 3144; x_wconf 84' lang='lat' dir='ltr'>statuere,</span> <span class='ocrx_word' id='word_1_205' title='bbox 586 3066 724 3144; x_wconf 87' lang='lat' dir='ltr'>firmare,</span> <span class='ocrx_word' id='word_1_206' title='bbox 740 3063 921 3144; x_wconf 63' lang='lat' dir='ltr'>mmonere,</span> <span class='ocrx_word' id='word_1_207' title='bbox 940 3086 982 3130; x_wconf 87' lang='lat' dir='ltr'>ue</span> <span class='ocrx_word' id='word_1_208' title='bbox 1002 3065 1075 3150; x_wconf 89' lang='lat' dir='ltr'>quis</span> <span class='ocrx_word' id='word_1_209' title='bbox 1092 3065 1133 3130; x_wconf 92' lang='lat' dir='ltr'>de</span> <span class='ocrx_word' id='word_1_210' title='bbox 1150 3066 1265 3132; x_wconf 88' lang='lat' dir='ltr'>ovibus</span> <span class='ocrx_word' id='word_1_211' title='bbox 1281 3068 1414 3148; x_wconf 85' lang='lat' dir='ltr'>Christi,</span> 
     </span>
     <span class='ocr_line' id='line_1_27' title="bbox 310 3165 1414 3255; baseline -0.002 -17"><span class='ocrx_word' id='word_1_212' title='bbox 310 3173 432 3238; x_wconf 87' lang='lat' dir='ltr'>seilicet</span> <span class='ocrx_word' id='word_1_213' title='bbox 452 3169 557 3234; x_wconf 87' lang='lat' dir='ltr'>eterni</span> <span class='ocrx_word' id='word_1_214' title='bbox 574 3167 723 3253; x_wconf 89' lang='lat' dir='ltr'>pastoris,</span> <span class='ocrx_word' id='word_1_215' title='bbox 739 3165 875 3232; x_wconf 79' lang='lat' dir='ltr'>abanet.</span> <span class='ocrx_word' id='word_1_216' title='bbox 922 3169 995 3233; x_wconf 88' lang='lat' dir='ltr'>Hec</span> <span class='ocrx_word' id='word_1_217' title='bbox 1015 3169 1067 3233; x_wconf 83' lang='lat' dir='ltr'>lex</span> <span class='ocrx_word' id='word_1_218' title='bbox 1081 3190 1139 3253; x_wconf 89' lang='lat' dir='ltr'>per</span> <span class='ocrx_word' id='word_1_219' title='bbox 1152 3190 1247 3234; x_wconf 82' lang='lat' dir='ltr'>evum</span> <span class='ocrx_word' id='word_1_220' title='bbox 1262 3169 1298 3235; x_wconf 89' lang='lat' dir='ltr'>in</span> <span class='ocrx_word' id='word_1_221' title='bbox 1311 3192 1414 3255; x_wconf 79' lang='lat' dir='ltr'>regno</span> 
     </span>
     <span class='ocr_line' id='line_1_28' title="bbox 309 3271 1413 3356; baseline 0 -17"><span class='ocrx_word' id='word_1_222' title='bbox 309 3283 420 3339; x_wconf 90' lang='lat' dir='ltr'>nostro</span> <span class='ocrx_word' id='word_1_223' title='bbox 439 3272 474 3336; x_wconf 93' lang='lat' dir='ltr'>in</span> <span class='ocrx_word' id='word_1_224' title='bbox 491 3277 682 3356; x_wconf 86' lang='lat' dir='ltr'>perpetuum</span> <span class='ocrx_word' id='word_1_225' title='bbox 701 3277 887 3355; x_wconf 86' lang='lat' dir='ltr'>permaneat</span> <span class='ocrx_word' id='word_1_226' title='bbox 899 3271 1052 3336; x_wconf 90' lang='lat' dir='ltr'>omnibus</span> <span class='ocrx_word' id='word_1_227' title='bbox 1065 3271 1206 3337; x_wconf 88' lang='lat' dir='ltr'>ecclesiis</span> <span class='ocrx_word' id='word_1_228' title='bbox 1221 3273 1285 3338; x_wconf 90' lang='lat' dir='ltr'>Dei</span> <span class='ocrx_word' id='word_1_229' title='bbox 1298 3275 1413 3354; x_wconf 90' lang='lat' dir='ltr'>nestri,</span> 
     </span>
     <span class='ocr_line' id='line_1_29' title="bbox 309 3373 1414 3462; baseline -0.002 -20"><span class='ocrx_word' id='word_1_230' title='bbox 309 3399 368 3462; x_wconf 90' lang='lat' dir='ltr'>pro</span> <span class='ocrx_word' id='word_1_231' title='bbox 382 3376 485 3441; x_wconf 84' lang='lat' dir='ltr'>salute</span> <span class='ocrx_word' id='word_1_232' title='bbox 500 3374 606 3438; x_wconf 87' lang='lat' dir='ltr'>anime</span> <span class='ocrx_word' id='word_1_233' title='bbox 620 3393 691 3438; x_wconf 90' lang='lat' dir='ltr'>mee</span> <span class='ocrx_word' id='word_1_234' title='bbox 706 3393 915 3457; x_wconf 86' lang='lat' dir='ltr'>meommque</span> <span class='ocrx_word' id='word_1_235' title='bbox 928 3373 1201 3457; x_wconf 84' lang='lat' dir='ltr'>predecessorum,</span> <span class='ocrx_word' id='word_1_236' title='bbox 1215 3397 1340 3459; x_wconf 86' lang='lat' dir='ltr'>proque</span> <span class='ocrx_word' id='word_1_237' title='bbox 1357 3399 1414 3460; x_wconf 88' lang='lat' dir='ltr'>spe</span> 
     </span>
     <span class='ocr_line' id='line_1_30' title="bbox 310 3476 1415 3562; baseline -0.002 -17"><span class='ocrx_word' id='word_1_238' title='bbox 310 3479 435 3546; x_wconf 87' lang='lat' dir='ltr'>celestis</span> <span class='ocrx_word' id='word_1_239' title='bbox 450 3477 550 3562; x_wconf 85' lang='lat' dir='ltr'>regni.</span> <span class='ocrx_word' id='word_1_240' title='bbox 597 3476 704 3560; x_wconf 87' lang='lat' dir='ltr'>Igitur</span> <span class='ocrx_word' id='word_1_241' title='bbox 728 3497 766 3540; x_wconf 81' lang='lat' dir='ltr'>er</span> <span class='ocrx_word' id='word_1_242' title='bbox 786 3476 847 3540; x_wconf 89' lang='lat' dir='ltr'>hac</span> <span class='ocrx_word' id='word_1_243' title='bbox 867 3476 919 3541; x_wconf 89' lang='lat' dir='ltr'>die</span> <span class='ocrx_word' id='word_1_244' title='bbox 940 3484 974 3540; x_wconf 87' lang='lat' dir='ltr'>et</span> <span class='ocrx_word' id='word_1_245' title='bbox 989 3477 1138 3562; x_wconf 83' lang='lat' dir='ltr'>deinceps</span> <span class='ocrx_word' id='word_1_246' title='bbox 1155 3477 1361 3542; x_wconf 87' lang='lat' dir='ltr'>concedimus</span> <span class='ocrx_word' id='word_1_247' title='bbox 1380 3487 1415 3543; x_wconf 91' lang='lat' dir='ltr'>et</span> 
     </span>
     <span class='ocr_line' id='line_1_31' title="bbox 308 3579 1413 3665; baseline -0.001 -18"><span class='ocrx_word' id='word_1_248' title='bbox 308 3584 465 3648; x_wconf 90' lang='lat' dir='ltr'>donamus</span> <span class='ocrx_word' id='word_1_249' title='bbox 479 3580 620 3647; x_wconf 88' lang='lat' dir='ltr'>ecclesiis</span> <span class='ocrx_word' id='word_1_250' title='bbox 635 3579 727 3662; x_wconf 80' lang='lat' dir='ltr'>regni</span> <span class='ocrx_word' id='word_1_251' title='bbox 744 3579 848 3643; x_wconf 90' lang='lat' dir='ltr'>nostri</span> <span class='ocrx_word' id='word_1_252' title='bbox 869 3579 988 3643; x_wconf 86' lang='lat' dir='ltr'>liberas</span> <span class='ocrx_word' id='word_1_253' title='bbox 1005 3600 1074 3644; x_wconf 85' lang='lat' dir='ltr'>esse</span> <span class='ocrx_word' id='word_1_254' title='bbox 1093 3589 1248 3665; x_wconf 86' lang='lat' dir='ltr'>perpetua</span> <span class='ocrx_word' id='word_1_255' title='bbox 1261 3580 1413 3646; x_wconf 88' lang='lat' dir='ltr'>libertate</span> 
     </span>
     <span class='ocr_line' id='line_1_32' title="bbox 309 3681 1412 3762; baseline 0.001 -12"><span class='ocrx_word' id='word_1_256' title='bbox 309 3686 349 3750; x_wconf 87' lang='lat' dir='ltr'>ab</span> <span class='ocrx_word' id='word_1_257' title='bbox 364 3685 513 3751; x_wconf 89' lang='lat' dir='ltr'>omnibus</span> <span class='ocrx_word' id='word_1_258' title='bbox 528 3681 770 3747; x_wconf 84' lang='lat' dir='ltr'>difficultatibus</span> <span class='ocrx_word' id='word_1_259' title='bbox 785 3681 937 3746; x_wconf 82' lang='lat' dir='ltr'>secularis</span> <span class='ocrx_word' id='word_1_260' title='bbox 950 3682 1126 3762; x_wconf 80' lang='lat' dir='ltr'>servitutis,</span> <span class='ocrx_word' id='word_1_261' title='bbox 1142 3682 1183 3746; x_wconf 89' lang='lat' dir='ltr'>ab</span> <span class='ocrx_word' id='word_1_262' title='bbox 1198 3683 1288 3746; x_wconf 90' lang='lat' dir='ltr'>omni</span> <span class='ocrx_word' id='word_1_263' title='bbox 1302 3683 1412 3751; x_wconf 88' lang='lat' dir='ltr'>debito</span> 
     </span>
     <span class='ocr_line' id='line_1_33' title="bbox 309 3784 1412 3872; baseline -0.002 -20"><span class='ocrx_word' id='word_1_264' title='bbox 309 3787 358 3852; x_wconf 86' lang='lat' dir='ltr'>vel</span> <span class='ocrx_word' id='word_1_265' title='bbox 383 3787 529 3872; x_wconf 91' lang='lat' dir='ltr'>pulsione</span> <span class='ocrx_word' id='word_1_266' title='bbox 547 3784 703 3868; x_wconf 85' lang='lat' dir='ltr'>regalium</span> <span class='ocrx_word' id='word_1_267' title='bbox 725 3784 933 3862; x_wconf 88' lang='lat' dir='ltr'>tributorum,</span> <span class='ocrx_word' id='word_1_268' title='bbox 953 3790 992 3847; x_wconf 89' lang='lat' dir='ltr'>ut</span> <span class='ocrx_word' id='word_1_269' title='bbox 1008 3784 1132 3867; x_wconf 89' lang='lat' dir='ltr'>possint</span> <span class='ocrx_word' id='word_1_270' title='bbox 1149 3805 1208 3868; x_wconf 90' lang='lat' dir='ltr'>pro</span> <span class='ocrx_word' id='word_1_271' title='bbox 1224 3785 1320 3849; x_wconf 91' lang='lat' dir='ltr'>nobis</span> <span class='ocrx_word' id='word_1_272' title='bbox 1340 3786 1412 3850; x_wconf 90' lang='lat' dir='ltr'>Dee</span> 
     </span>
     <span class='ocr_line' id='line_1_34' title="bbox 308 3887 1411 3974; baseline -0.005 -16"><span class='ocrx_word' id='word_1_273' title='bbox 308 3889 523 3974; x_wconf 89' lang='lat' dir='ltr'>omnipotenti</span> <span class='ocrx_word' id='word_1_274' title='bbox 535 3889 657 3953; x_wconf 85' lang='lat' dir='ltr'>hostias</span> <span class='ocrx_word' id='word_1_275' title='bbox 671 3887 785 3970; x_wconf 81' lang='lat' dir='ltr'>dignas</span> <span class='ocrx_word' id='word_1_276' title='bbox 803 3887 928 3966; x_wconf 82' lang='lat' dir='ltr'>offerre,</span> <span class='ocrx_word' id='word_1_277' title='bbox 943 3895 1117 3970; x_wconf 88' lang='lat' dir='ltr'>nostraque</span> <span class='ocrx_word' id='word_1_278' title='bbox 1130 3896 1263 3971; x_wconf 86' lang='lat' dir='ltr'>peccata</span> <span class='ocrx_word' id='word_1_279' title='bbox 1280 3888 1411 3953; x_wconf 88' lang='lat' dir='ltr'>abluere</span> 
     </span>
     <span class='ocr_line' id='line_1_35' title="bbox 306 3990 1484 4074; baseline -0.004 -13"><span class='ocrx_word' id='word_1_280' title='bbox 306 3991 524 4062; x_wconf 85' lang='lat' dir='ltr'>immaculatis</span> <span class='ocrx_word' id='word_1_281' title='bbox 537 3990 734 4055; x_wconf 90' lang='lat' dir='ltr'>muneribus.</span> <span class='ocrx_word' id='word_1_282' title='bbox 780 3990 817 4053; x_wconf 87' lang='lat' dir='ltr'>Si</span> <span class='ocrx_word' id='word_1_283' title='bbox 831 3991 904 4074; x_wconf 89' lang='lat' dir='ltr'>quis</span> <span class='ocrx_word' id='word_1_284' title='bbox 918 3998 1028 4053; x_wconf 89' lang='lat' dir='ltr'>autem</span> <span class='ocrx_word' id='word_1_285' title='bbox 1043 4010 1099 4053; x_wconf 86' lang='lat' dir='ltr'>rex</span> <span class='ocrx_word' id='word_1_286' title='bbox 1114 3999 1187 4073; x_wconf 92' lang='lat' dir='ltr'>post</span> <span class='ocrx_word' id='word_1_287' title='bbox 1205 4011 1266 4054; x_wconf 89' lang='lat' dir='ltr'>nos</span> <span class='ocrx_word' id='word_1_288' title='bbox 1286 3991 1411 4072; x_wconf 83' lang='lat' dir='ltr'>levatus</span> <span class='ocrx_word' id='word_1_289' title='bbox 1479 4061 1484 4068; x_wconf 66' lang='grc'><strong>,</strong></span> 
     </span>
     <span class='ocr_line' id='line_1_36' title="bbox 306 4091 1412 4183; baseline -0.002 -23"><span class='ocrx_word' id='word_1_290' title='bbox 306 4103 341 4165; x_wconf 83' lang='lat' dir='ltr'>in</span> <span class='ocrx_word' id='word_1_291' title='bbox 356 4118 503 4183; x_wconf 82' lang='lat' dir='ltr'>regnum,</span> <span class='ocrx_word' id='word_1_292' title='bbox 520 4102 576 4158; x_wconf 90' lang='lat' dir='ltr'>aut</span> <span class='ocrx_word' id='word_1_293' title='bbox 595 4094 771 4179; x_wconf 87' lang='lat' dir='ltr'>episcopus,</span> <span class='ocrx_word' id='word_1_294' title='bbox 788 4100 845 4156; x_wconf 87' lang='lat' dir='ltr'>aut</span> <span class='ocrx_word' id='word_1_295' title='bbox 864 4092 974 4170; x_wconf 88' lang='lat' dir='ltr'>abbas,</span> <span class='ocrx_word' id='word_1_296' title='bbox 993 4113 1051 4156; x_wconf 84' lang='lat' dir='ltr'>seu</span> <span class='ocrx_word' id='word_1_297' title='bbox 1067 4091 1177 4175; x_wconf 85' lang='lat' dir='ltr'>aliqua</span> <span class='ocrx_word' id='word_1_298' title='bbox 1193 4092 1258 4156; x_wconf 87' lang='lat' dir='ltr'>alia</span> <span class='ocrx_word' id='word_1_299' title='bbox 1275 4115 1412 4177; x_wconf 87' lang='lat' dir='ltr'>persona</span> 
     </span>
     <span class='ocr_line' id='line_1_37' title="bbox 307 4192 1409 4279; baseline -0.004 -11"><span class='ocrx_word' id='word_1_300' title='bbox 307 4198 535 4269; x_wconf 83' lang='lat' dir='ltr'>contradixerit</span> <span class='ocrx_word' id='word_1_301' title='bbox 554 4197 630 4262; x_wconf 93' lang='lat' dir='ltr'>huic</span> <span class='ocrx_word' id='word_1_302' title='bbox 650 4196 797 4275; x_wconf 88' lang='lat' dir='ltr'>concilio,</span> <span class='ocrx_word' id='word_1_303' title='bbox 817 4195 866 4260; x_wconf 80' lang='lat' dir='ltr'>rel</span> <span class='ocrx_word' id='word_1_304' title='bbox 885 4195 1005 4279; x_wconf 84' lang='lat' dir='ltr'>scripto</span> <span class='ocrx_word' id='word_1_305' title='bbox 1022 4195 1146 4278; x_wconf 90' lang='lat' dir='ltr'>judicio</span> <span class='ocrx_word' id='word_1_306' title='bbox 1166 4192 1294 4260; x_wconf 87' lang='lat' dir='ltr'>concilii</span> <span class='ocrx_word' id='word_1_307' title='bbox 1313 4197 1409 4279; x_wconf 79' lang='lat' dir='ltr'>iacto,</span> 
     </span>
     <span class='ocr_line' id='line_1_38' title="bbox 306 4298 1412 4386; baseline -0.005 -15"><span class='ocrx_word' id='word_1_308' title='bbox 306 4309 387 4372; x_wconf 86' lang='lat' dir='ltr'>sciat</span> <span class='ocrx_word' id='word_1_309' title='bbox 408 4325 442 4368; x_wconf 89' lang='lat' dir='ltr'>se</span> <span class='ocrx_word' id='word_1_310' title='bbox 464 4325 483 4366; x_wconf 90' lang='lat' dir='ltr'>a</span> <span class='ocrx_word' id='word_1_311' title='bbox 505 4320 635 4386; x_wconf 90' lang='lat' dir='ltr'>corpore</span> <span class='ocrx_word' id='word_1_312' title='bbox 657 4307 691 4364; x_wconf 87' lang='lat' dir='ltr'>et</span> <span class='ocrx_word' id='word_1_313' title='bbox 713 4299 870 4383; x_wconf 82' lang='lat' dir='ltr'>sangnine</span> <span class='ocrx_word' id='word_1_314' title='bbox 891 4298 1024 4362; x_wconf 91' lang='lat' dir='ltr'>Domini</span> <span class='ocrx_word' id='word_1_315' title='bbox 1046 4307 1292 4382; x_wconf 86' lang='lat' dir='ltr'>sequestratum,</span> <span class='ocrx_word' id='word_1_316' title='bbox 1309 4309 1343 4366; x_wconf 87' lang='lat' dir='ltr'>et</span> <span class='ocrx_word' id='word_1_317' title='bbox 1364 4303 1412 4367; x_wconf 86' lang='lat' dir='ltr'>sie</span> 
     </span>
     <span class='ocr_line' id='line_1_39' title="bbox 307 4393 1409 4485; baseline -0.004 -11"><span class='ocrx_word' id='word_1_318' title='bbox 307 4405 618 4474; x_wconf 86' lang='lat' dir='ltr'>excommunicatum</span> <span class='ocrx_word' id='word_1_319' title='bbox 648 4402 732 4466; x_wconf 86' lang='lat' dir='ltr'>sicut</span> <span class='ocrx_word' id='word_1_320' title='bbox 761 4393 815 4465; x_wconf 87' lang='lat' dir='ltr'>ille</span> <span class='ocrx_word' id='word_1_321' title='bbox 844 4401 900 4485; x_wconf 88' lang='lat' dir='ltr'>qui</span> <span class='ocrx_word' id='word_1_322' title='bbox 929 4422 996 4465; x_wconf 92' lang='lat' dir='ltr'>non</span> <span class='ocrx_word' id='word_1_323' title='bbox 1020 4400 1153 4465; x_wconf 84' lang='lat' dir='ltr'>babebit</span> <span class='ocrx_word' id='word_1_324' title='bbox 1187 4402 1409 4470; x_wconf 82' lang='lat' dir='ltr'>remissionem</span> 
     </span>
    </p>
   </div>
   <div class='ocr_carea' id='block_1_3' title="bbox 0 0 1622 5125">
    <p class='ocr_par' dir='ltr' id='par_1_3' title="bbox 0 0 1622 5125">
     <span class='ocr_line' id='line_1_40' title="bbox 0 0 1622 5125; baseline 0 6"><span class='ocrx_word' id='word_1_325' title='bbox 0 0 1622 5125; x_wconf 95' lang='lat' dir='ltr'> </span> 
     </span>
    </p>
   </div>
  </div>
 </body>
</html>
