3234 5125
299 425 352 478 384
572 421 893 477 MISOELLANEOUS
912 421 1125 477 CHARTERS.

294 591 450 669 fecerunt,
466 599 504 654 ut
518 590 616 654 nullis
631 598 806 673 graventur
815 589 967 653 oneribus
980 589 1232 674 expeditionum,
1249 611 1309 653 nec
1323 611 1403 672 pon·

296 695 390 772 tium,
405 695 456 758 vel
476 702 654 758 castrorum
668 693 893 771 restructione,
909 714 970 757 nec
989 693 1069 756 suda
1091 693 1354 777 apprehensione,
1369 700 1403 756 et

298 797 480 876 emissione,
496 817 557 860 nec
577 795 743 878 sanguinis
762 795 917 859 effusione
927 821 936 872 3
960 805 994 859 et
1014 797 1124 861 omnia
1142 818 1215 879 quae
1235 795 1276 860 ad
1295 796 1402 860 locum

296 900 402 984 ipsum
425 900 598 984 pertinent,
620 899 685 962 siut
709 899 844 961 omnino
867 898 978 976 libera,
1002 899 1101 976 oellae,
1125 898 1287 976 eecclesiae,
1311 899 1402 962 cimi-

294 1003 388 1080 teria,
404 1011 508 1082 terres,
526 1023 651 1086 pascua,
668 1002 765 1079 silvae,
778 1002 974 1079 venationes,
991 1022 1093 1084 aquae,
1109 1001 1310 1084 piscationes,
1326 1022 1401 1065 cnm

297 1104 487 1183 redditibus,
516 1105 664 1182 servitiis,
693 1104 821 1182 debitis,
845 1103 1075 1183 oblationibus,
1099 1102 1324 1182 luminaribus,
1346 1104 1401 1168 de·

295 1209 398 1287 rimis,
425 1208 575 1286 donariis,
601 1227 708 1284 censu,
732 1205 915 1283 morthidis,
939 1206 1076 1288 legibus,
1101 1207 1400 1286 consuetudinibus,

296 1332 464 1375 causarum
488 1309 748 1388 discussionibus,
773 1309 1062 1388 emendationibus,
1079 1310 1146 1373 sive
1169 1311 1401 1375 aecclesiasticis

296 1414 362 1478 sive
386 1413 601 1491 saecularibus,
617 1419 651 1475 et
671 1432 746 1475 cum
766 1412 917 1476 omnibus
935 1434 1134 1497 quaecunque
1157 1413 1255 1477 maris
1279 1416 1399 1498 procel-

295 1517 373 1580 losis
397 1515 642 1600 tempestatibus
673 1515 707 1578 in
737 1537 855 1598 aquam
880 1517 931 1579 vel
955 1516 991 1579 in
1015 1524 1135 1580 terram
1159 1539 1272 1581 eorum
1298 1520 1401 1602 ejecta

295 1621 427 1698 fuerint,
443 1619 527 1702 quod
547 1619 684 1701 Angliee
702 1618 892 1702 shipwrech¹
908 1619 1149 1703 promulgatum
1169 1629 1218 1684 est
1237 1630 1399 1700 onomate,

295 1732 329 1787 et
344 1721 494 1787 omnihus
505 1743 703 1806 quiscunque
719 1722 847 1806 scriptis
859 1723 910 1786 vel
924 1724 1111 1788 testimonio
1119 1723 1279 1788 bonorum
1294 1726 1398 1790 homi-

296 1848 376 1890 nnm
393 1827 600 1890 rememorari
620 1826 795 1909 potuerint,
811 1848 884 1909 quae
905 1847 925 1890 a
940 1828 1070 1910 regibus
1088 1849 1238 1892 concessa
1255 1829 1305 1892 vel
1322 1850 1398 1893 oon-

296 1928 437 1994 oedenda
451 1935 538 2007 sunt,
554 1936 592 1991 ut
606 1928 716 1991 nullus
734 1949 772 1991 ex
792 1927 833 1990 iis
853 1927 1051 2007 subtrahere,
1068 1931 1118 1994 vel
1136 1930 1326 2010 diminuere,
1342 1940 1400 1995 aut

295 2033 487 2118 disperdere,
503 2032 645 2115 qualibet
660 2031 837 2109 occasione,
849 2031 973 2116 judicio
984 2033 1035 2096 vel
1049 2042 1208 2117 potestate
1223 2045 1397 2117 presumat.

296 2136 499 2200 Renovamus
523 2135 620 2199 etiam
641 2143 674 2198 et
693 2135 922 2198 confirmamus
941 2134 1107 2219 privilegia
1121 2137 1329 2221 antiquorum
1347 2161 1397 2202 re-

294 2261 383 2322 gum,
400 2247 496 2322 atque
510 2238 552 2302 ob
567 2239 778 2301 reverentiam
798 2238 938 2301 dominre
953 2250 1072 2304 nostroe
1087 2249 1251 2323 perpetuae
1267 2241 1398 2325 virginis

295 2342 420 2420 Mariae,
438 2341 612 2423 Sanetique
627 2339 806 2418 Benedicti,
831 2350 1079 2424 sanctarumque
1103 2342 1275 2425 virginum,
1293 2345 1397 2409 omni-

296 2441 418 2526 busque
432 2443 551 2506 futuris
566 2440 686 2506 ibidem
708 2439 888 2521 abbatibus,
905 2442 940 2505 in
962 2451 1032 2506 tota
1053 2445 1252 2527 possessione
1270 2468 1398 2511 monas-

296 2547 381 2625 terii,
402 2568 509 2611 sacam
535 2554 568 2611 et
592 2566 710 2623 socam,
729 2545 981 2629 theloneumqne
1006 2568 1112 2626 suum,
1131 2547 1167 2612 in
1192 2556 1281 2613 terra
1306 2557 1339 2614 et
1361 2550 1396 2615 in

296 2672 379 2733 aqua
404 2650 554 2728 concedo,
570 2657 603 2713 et
628 2649 886 2727 consuetudines,
901 2657 940 2712 ut
965 2648 1006 2713 ab
1031 2650 1181 2715 omnibus
1204 2646 1344 2736 apertius
1364 2661 1399 2717 et

295 2754 420 2837 plenius
449 2753 673 2835 intelligantur
698 2751 835 2833 Anglice
864 2752 1008 2835 scriptas,
1038 2753 1161 2817 scilicet
1189 2754 1397 2840 mundbryce,

294 2855 478 2933 feardwitae,
495 2855 639 2933 fihtwite,
652 2854 813 2932 blodwite,
829 2854 1094 2939 mischennynge,
1109 2856 1290 2940 hytisoone,
1305 2857 1396 2922 ham·

293 2980 398 3037 soene,
417 2958 551 3036 forstall,
567 2957 779 3041 forhpheang,
803 2956 986 3043 piefphsng,
1010 2958 1183 3041 hengwite,
1204 2961 1396 3046 gry'dbryee,

294 3063 414 3145 utleap,
430 3059 682 3147 infangenepeof,
698 3059 873 3143 soipbryce,
889 3059 949 3123 toll
963 3068 996 3123 et
1009 3068 1108 3139 team,
1129 3062 1270 3146 aliosque
1285 3085 1397 3130 omnes

294 3165 380 3247 leges
405 3172 439 3227 et
462 3162 709 3227 consuetudines
729 3182 801 3245 quae
826 3162 867 3225 ad
888 3183 941 3225 me
963 3164 1136 3245 pertinent,
1159 3173 1227 3229 tam
1249 3166 1343 3250 plene
1363 3178 1398 3232 et

293 3275 362 3330 tam
383 3265 484 3329 libere
506 3266 589 3329 sicut
610 3252 663 3328 eas
682 3264 718 3327 in
736 3286 836 3328 manu
857 3286 931 3328 mea
945 3264 1113 3332 habebam.
1158 3269 1213 3348 Et,
1229 3278 1268 3333 ut
1289 3271 1399 3334 omnia

294 3368 492 3445 concludam,
515 3367 624 3431 nullus
647 3367 887 3431 succedentium
911 3389 1034 3451 regum,
1058 3370 1291 3454 episcoporum,
1308 3373 1398 3456 prin.

294 3472 412 3554 cipum,
438 3470 604 3548 comitum,
629 3470 864 3547 vicecomitum,
889 3479 1144 3553 procuratorum,
1174 3494 1231 3536 seu
1259 3474 1405 3538 aliorum

293 3594 407 3656 regum
430 3573 608 3652 clientium,
624 3572 674 3636 vel
692 3572 755 3635 alia
768 3572 922 3655 quoslibet
935 3595 1054 3657 magna
1068 3576 1118 3638 vel
1137 3596 1236 3658 parva
1251 3597 1396 3660 persona,

294 3677 430 3760 pervim
449 3684 506 3740 aut
525 3696 581 3759 per
595 3675 872 3753 consuetudinem,
888 3684 1027 3760 pastum,
1044 3696 1186 3755 censum,
1202 3678 1253 3742 vel
1272 3680 1396 3763 impen-

293 3780 426 3857 sionem,
442 3801 508 3843 non
531 3799 638 3863 opera,
653 3799 720 3841 non
742 3778 877 3856 tributa,
900 3779 1021 3858 exenia,
1046 3801 1103 3843 seu
1128 3783 1329 3860 munuscula,
1346 3784 1397 3847 vel

292 3882 379 3946 aliud
405 3881 563 3965 quidlibet
593 3882 633 3946 ab
658 3902 769 3967 eorum
796 3881 1050 3965 possessionibus
1074 3884 1191 3965 exigat,
1213 3884 1269 3947 sed
1292 3886 1396 3949 omni-

292 3985 422 4049 modam
445 3984 628 4048 libertatem
650 3984 878 4068 perpetualiter
892 3984 927 4046 in
948 3992 1034 4049 terra
1053 3994 1087 4049 et
1101 3986 1137 4049 in
1158 4008 1251 4069 aqua,
1266 3988 1301 4050 in
1316 3988 1397 4053 urbe

292 4093 326 4149 et
340 4092 440 4163 extra,
456 4084 491 4147 in
514 4084 610 4147 domo
630 4090 663 4146 et
683 4090 781 4161 extra,
799 4084 834 4144 in
858 4082 935 4146 villa
954 4091 987 4147 et
1009 4093 1109 4164 extra,
1125 4086 1160 4148 in
1174 4086 1227 4149 via
1244 4094 1277 4151 et
1294 4094 1395 4168 extra,

291 4188 326 4251 in
348 4186 476 4269 placit0,
499 4186 534 4249 in
555 4206 629 4251 soca
651 4193 684 4249 et
708 4206 790 4263 saca,
809 4185 846 4247 in
871 4185 1032 4266 theloneo,
1048 4196 1082 4251 et
1099 4188 1133 4251 in
1157 4189 1307 4253 omnibus
1329 4192 1396 4254 suis

291 4288 486 4374 appendiciis
502 4288 650 4352 habeant.
698 4287 852 4371 Quisquis
872 4287 973 4371 igitur
992 4290 1136 4354 fidelium
1151 4292 1235 4355 hanc
1250 4301 1394 4357 nostram

734 4407 741 4435 ¹
761 4421 797 4457 sae
813 4421 952 4476 uppwurp.
