3234 5125
296 422 332 475 58
572 420 893 479 rssscrrrLANrrous
911 421 1126 478 CHARTERS.

297 614 334 667 ac
357 592 556 659 conscribere
579 594 615 657 in
638 594 799 679 propriam
823 602 921 679 atquc
941 595 977 658 in
993 615 1168 679 perennem
1190 593 1402 659 hereditatem

297 695 481 760 habendum
504 696 759 781 fruendumque;
790 706 824 761 et
853 697 897 783 ael
922 697 1138 776 mactandum,
1168 718 1244 760 curn
1267 696 1400 791 campis,

298 799 434 882 pascuis,
451 800 607 882 pratibus,
624 799 721 879 silvis,
738 800 884 879 saltibus,
899 800 1053 884 piscuosis
1065 822 1102 865 ac
1115 800 1287 864 maritimis
1300 799 1402 877 fretis,

296 900 475 984 paludibus,
500 902 710 987 vallibusque,
735 902 839 967 dulcis
864 903 1105 986 salsuginesque
1134 902 1282 985 salisque,
1308 902 1399 965 stati·

296 1004 413 1068 cuibus
428 1004 660 1087 contionesque,
677 1012 710 1069 et
730 1026 804 1070 cum
827 1004 952 1069 cunctis
968 1003 1278 1095 fiuctibusinternis
1296 1010 1400 1067 exter·

297 1106 420 1189 nisque,
429 1107 480 1171 rel
496 1107 623 1171 aliunde
637 1128 773 1191 usquam
785 1107 824 1171 ad
841 1128 894 1171 eas
904 1108 967 1171 rite
977 1106 1028 1171 rel
1042 1128 1185 1190 unquam
1195 1106 1399 1189 pertinentia,

297 1208 332 1271 in
351 1206 449 1272 talem
467 1208 529 1273 sibi
551 1230 648 1273 usum
670 1208 797 1292 qualem
818 1208 980 1292 semetipsi
999 1209 1176 1273 utillimum
1201 1208 1400 1292 optimumve

297 1310 364 1375 lore
390 1310 562 1391 videretur,
593 1311 727 1375 firmiter
755 1306 956 1396 pleniterque
983 1307 1186 1395 dejudicavit.
1232 1312 1400 1394 Integram

298 1434 425 1497 quoque
447 1398 630 1478 urentem
649 1414 700 1477 rs
723 1414 854 1477 anun.
879 1423 976 1497 arque
997 1414 1147 1477 mucuns
1169 1434 1226 1477 rex
1248 1412 1405 1478 coenuuu

298 1537 373 1581 cum
390 1517 580 1581 auctoritate
603 1536 700 1600 supra
721 1514 800 1581 dicti
824 1516 952 1580 concilii
976 1515 1168 1594 decreverat,
1187 1521 1225 1580 ut
1246 1524 1400 1599 perpetue

298 1618 363 1682 sint
382 1618 491 1683 liberae
505 1617 546 1682 ab
559 1618 710 1682 omnibus
724 1618 860 1701 puplicis
874 1618 1006 1683 tributis
1019 1625 1053 1683 et
1067 1640 1087 1682 a
1101 1618 1227 1682 cunctis
1242 1617 1399 1701 regalium

298 1740 405 1783 rerum
420 1720 469 1783 vel
492 1740 625 1803 operum
639 1718 766 1799 debitis,
782 1720 848 1783 sive
861 1720 1041 1804 principum
1055 1740 1113 1784 seu
1126 1718 1247 1783 ducum
1261 1720 1310 1783 vel
1325 1740 1399 1804 pro-

299 1830 492 1901 curatorum,
509 1822 679 1887 autetiam
694 1822 734 1886 ab
749 1821 839 1886 omui
855 1823 1056 1887 secularium
1071 1842 1240 1886 causarum
1252 1841 1401 1886 rerumve

299 1924 478 2008 gravedine,
497 1924 637 2007 exceptis
659 1924 710 2007 bis
729 1922 856 2003 debitia,
871 1924 905 1988 id
926 1932 976 1989 est
994 1924 1102 2008 pontis
1126 1924 1348 2004 instructione,
1366 1931 1401 1988 et

299 2034 411 2092 contra
435 2046 575 2110 paganos
604 2025 814 2109 expeditione,
836 2035 933 2110 atque
957 2028 1039 2092 arcis
1064 2026 1245 2091 munitione
1264 2026 1399 2091 distruc-

300 2130 436 2193 tionere.
462 2129 546 2193 Cum
557 2136 667 2193 tamen
678 2129 739 2193 hcc
748 2129 899 2194 universo
908 2130 1027 2214 populo
1040 2129 1263 2214 opportunitas
1273 2149 1400 2193 summa

300 2233 488 2317 poposcerit,
510 2239 543 2295 et
563 2232 736 2297 necessitas
752 2233 870 2297 eximia
888 2233 951 2298 hcc
968 2233 1129 2317 agendum
1148 2240 1282 2297 cunctos
1297 2232 1398 2297 unde-

300 2357 439 2420 cumque
454 2336 647 2415 coherceret,
660 2345 738 2400 tunc
753 2345 787 2399 et
801 2336 849 2399 illi
864 2336 926 2400 rita
940 2358 1000 2401 sua
1013 2336 1158 2401 reddent.

345 2440 472 2522 ›1⁴Ego
492 2437 654 2516 Coenuuli,
675 2436 741 2501 Dfii
761 2437 980 2503 misericordia
997 2459 1053 2503 rer
1074 2437 1282 2517 Merciorum,
1302 2436 1400 2521 hujus

299 2550 417 2607 nostrae
434 2541 572 2607 dationis
594 2562 631 2605 ac
647 2540 805 2606 libertatis
825 2542 1117 2606 remunerationem
1135 2548 1245 2605 mente
1261 2561 1402 2605 consona

300 2645 498 2730 propriisque
513 2643 661 2708 manibus
679 2645 783 2708 crucis
798 2644 864 2730 xpi
878 2645 970 2728 signo
978 2646 1172 2709 confirmare
1186 2644 1399 2729 roborareque

300 2747 480 2831 subscripsi.

344 2853 384 2933 ᾖ
400 2849 552 2938 AElfpryii
562 2849 674 2934 regina
687 2849 892 2914 consentiens
906 2848 1102 2932 subscripsit.

344 2955 384 3034 »1⁴
401 2951 516 3034 Sigred
530 2972 586 3015 rex
601 2950 798 3034 subscripsit.

344 3058 386 3136 »1⁴
402 3053 540 3118 Uullrcd
555 3053 720 3136 archiepit,
736 3053 801 3138 xpi
816 3053 929 3137 gratia,
946 3053 1145 3137 subscripsit.

344 3159 385 3238 ᾖ
401 3155 587 3220 Deneberht
601 3156 668 3239 epis
683 3155 880 3238 subscripsit.

345 3261 385 3340 ›1‹
402 3257 586 3322 Becrrrmod
600 3257 666 3340 epis
681 3255 878 3342 subscripsit.

344 3363 385 3443 ᾧ
401 3357 574 3424 AEbeluulf
584 3360 650 3442 epit
665 3358 861 3443 subscripsit.

344 3466 385 3546 ιιι
403 3461 609 3526 Heerdberht
622 3461 723 3545 print.
740 3461 895 3547 subscrip.

326 3567 385 3648 ’ᾖ
402 3565 576 3629 Beornnob
590 3564 692 3648 print.
709 3563 864 3650 subscrip.

345 3671 385 3750 ›1‹
402 3666 578 3752 Cynehelrn
593 3667 693 3751 print.
710 3667 866 3753 subscripi.

343 3774 384 3853 ᾖ
399 3769 565 3835 Eadberht
579 3768 644 3832 dux
655 3767 744 3832 'cons
760 3769 917 3855 subscripi.

344 3877 384 3956 ᾖ
401 3872 546 3956 Ecguull
555 3870 620 3935 dux
634 3884 720 3936 cons.
736 3871 893 3957 subscrip.

343 3979 383 4058 *1⁴
399 3974 566 4040 Eanberht
580 3973 646 4038 dux
660 3987 747 4040 cons.
762 3973 915 4060 subscrip.

343 4082 383 4162 »Β
401 4077 567 4143 Heahierii
583 4076 647 4141 dux
661 4089 747 4142 cons.
763 4077 915 4161 subscrip.

343 4185 384 4264 '1⁴
400 4179 585 4266 cyneberht
598 4179 723 4264 propib.
740 4182 809 4264 ejus
823 4181 893 4242 sub.

343 4287 384 4367 ⁸1⁴
400 4284 563 4350 Coenwald
577 4282 700 4368 propili.
718 4283 788 4366 ejus
802 4284 872 4345 sub.

343 4390 383 4469 ›1‹
399 4386 579 4452 AEiielheah
595 4386 689 4469 pedes
704 4405 808 4449 sessor
823 4385 890 4448 sub.
