3234 5125
481 443 800 500 MISOELLANEOUS
819 442 1030 500 OHARTERS.
1256 443 1307 497 179

205 620 370 696 genteum,
384 622 418 679 ct
432 636 531 683 unam
548 637 677 681 crucem
696 637 776 680 auro
793 622 827 679 et
846 614 942 680 ebore
962 615 1133 680 artificiose
1150 622 1306 699 paratam,

207 720 241 777 et
263 736 367 779 unum
386 718 511 801 regium
530 719 664 804 pallium
682 741 761 783 auro
778 725 914 799 textum,
935 728 969 783 et
988 718 1068 783 duas
1085 719 1308 784 tabulas'auro

208 826 242 880 et
274 828 407 903 argento
439 821 641 902 fabrefactas,
671 831 704 888 et
733 823 798 887 dno
830 821 1021 887 candelabra
1049 830 1200 905 argentea
1229 842 1308 885 auro

209 929 331 1003 parata,
347 930 381 985 et
399 946 502 988 unum
520 926 692 1003 missalem,
708 933 742 990 et
756 926 837 990 duos
852 926 1090 1009 evangeliorum
1105 932 1212 989 textus
1230 945 1308 988 auro

133 1010 143 1025 ’
212 1030 247 1087 et
268 1031 401 1107 argento
418 1035 558 1106 ornatos,
574 1036 608 1093 et
628 1050 729 1093 unam
752 1029 864 1093 Sancti
881 1028 1040 1093 cudberti
1058 1030 1156 1093 vitam
1176 1028 1309 1092 metrice

212 1133 246 1189 et
271 1129 415 1211 prosaice
436 1132 599 1216 scriptam,
623 1138 658 1196 et
682 1140 805 1216 septem
827 1132 933 1217 pallia,
957 1140 990 1197 et
1012 1140 1078 1197 tres
1102 1132 1253 1211 cortinas,
1276 1138 1310 1195 et

212 1230 276 1293 tria
296 1232 450 1315 tepentia,
471 1241 505 1297 et
527 1233 606 1298 duas
625 1255 742 1319 coppas
764 1243 932 1319 argenteas
952 1257 1027 1301 cum
1050 1236 1255 1320 cooperculis,
1277 1243 1310 1299 et

212 1340 350 1415 quatuor
370 1357 504 1419 magnas
527 1357 708 1421 campanas,
731 1345 765 1402 et
787 1338 851 1402 tria
874 1360 995 1403 cornua
1018 1360 1096 1403 auro
1119 1346 1152 1403 ct
1176 1347 1310 1422 argento

211 1434 396 1518 fabrefacta,
412 1447 446 1503 et
459 1438 525 1503 dno
538 1440 663 1520 vexilla,
683 1448 716 1506 et
735 1462 834 1505 nnam
854 1442 1009 1519 lanceam,
1025 1451 1057 1505 et
1072 1444 1152 1506 duas
1170 1443 1311 1507 armillas

212 1560 333 1621 aureas,
351 1548 385 1605 et
403 1564 510 1607 meam
531 1544 641 1609 villam
660 1543 810 1611 dilectam
825 1544 1026 1629 Wyremn'de
1043 1547 1216 1611 australem
1237 1567 1311 1611 cum

210 1646 278 1710 suis
292 1647 497 1731 appendiciis,
512 1647 620 1727 idest,
637 1649 786 1727 Wertrm,
803 1649 974 1727 offensam,
991 1649 1220 1735 Sylceswyrbc,
1232 1650 1313 1715 duas

211 1751 482 1836 Weotheboppas,
506 1752 667 1837 Byrdene,
693 1752 822 1831 Seham,
849 1754 961 1832 Setun,
991 1752 1127 1831 Daltnn,
1157 1754 1312 1833 Daldene,

216 1852 408 1918 Heseldene.
455 1854 536 1917 Haeo
550 1854 660 1919 omnia
673 1853 716 1919 do
729 1854 789 1918 snb
804 1853 868 1919 Del
883 1862 918 1918 ot
930 1854 1041 1918 Sancti
1050 1855 1209 1920 cutberti
1224 1858 1313 1921 testi·

215 1955 343 2033 monio;
364 1962 404 2019 nt
427 1956 543 2040 siquis
564 1956 640 2020 inde
664 1956 786 2041 aliquid
810 1956 989 2035 abstulerit,
1013 1956 1183 2023 damnetur
1205 1959 1240 2022 in
1262 1958 1314 2023 die

210 2057 326 2141 judicii
347 2080 422 2122 cum
445 2059 533 2123 Jnda
552 2058 717 2138 traditore,
741 2067 775 2123 et
796 2058 949 2125 tindatur
969 2058 1004 2123 in
1026 2060 1136 2143 ignem
1158 2068 1315 2127 aeternum

213 2161 269 2243 qui
283 2168 412 2245 paratus
427 2168 477 2226 est
491 2159 618 2227 diabolo
632 2170 666 2227 et
680 2162 801 2245 angelis
816 2163 895 2246 ejus.

517 2426 798 2435 ——-——-...-..
842 2428 862 2433 ..
887 2428 974 2435 ....—...

578 2622 597 2658 ι
606 2614 707 2690 mro,
721 2592 970 2670 marsala.

261 2766 301 2847 *l*
318 2764 361 2828 In
375 2763 507 2827 nomine
524 2769 644 2828 sanctie
662 2769 698 2826 et
712 2760 887 2826 individuae
900 2760 1077 2826 Trinitatis.
1123 2759 1319 2824 Adelstanns

220 2887 286 2946 rex,
301 2867 365 2932 Dei
381 2866 494 2950 gratia,
509 2865 601 2950 regni
618 2865 756 2949 anglise,
772 2863 924 2928 omnibus
940 2861 1126 2938 hominibus
1146 2863 1212 2926 suis
1233 2863 1318 2927 Ebo-

216 2969 293 3048 raci,
312 2976 346 3032 et
362 2989 421 3053 per
437 2974 540 3033 totam
554 2967 707 3052 Angliam
724 2968 873 3035 salutem.
921 2965 1037 3032 Sciatis
1058 2965 1145 3051 quod
1162 2987 1223 3050 ego
1242 2987 1319 3031 con-

217 3073 310 3136 firmo
324 3070 466 3136 ecclesiae
479 3080 513 3135 ct
527 3071 668 3154 capitulo
683 3071 790 3154 Ripon
804 3089 917 3154 pacem
931 3089 1034 3147 auam,
1049 3075 1082 3134 et
1097 3088 1209 3132 omnes
1223 3068 1320 3132 liber-

216 3181 301 3238 tates
319 3181 353 3238 ct
370 3173 619 3238 consuetudines
636 3194 711 3238 suas
718 3199 729 3251 3
752 3180 787 3237 et
804 3171 946 3238 concedo
963 3171 1011 3236 eis
1028 3169 1151 3236 cnrinn
1170 3191 1262 3235 snam
1280 3169 1320 3236 de

216 3276 367 3342 omnibns
385 3276 532 3360 quaerelis
547 3284 581 3341 et
598 3276 633 3340 in
652 3275 803 3341 omnibus
821 3275 918 3340 curiis
934 3274 974 3339 de
991 3272 1176 3338 bominibus
1192 3275 1226 3338 S.
1236 3274 1321 3338 Wil-

216 3379 302 3458 ffidi,
311 3400 371 3464 pro
384 3379 463 3464 ipsis
478 3386 512 3444 et
525 3378 711 3444 hominibus
726 3379 803 3458 suis,
818 3378 870 3443 val
884 3385 996 3442 contra
1010 3378 1108 3462 ipsos,
1121 3377 1172 3443 vel
1187 3377 1272 3441 inter
1288 3398 1322 3442 se

216 3481 257 3545 ad
282 3481 431 3562 invicem,
454 3480 505 3546 vel
528 3503 600 3565 quae
624 3482 695 3546 lieri
716 3504 738 3566 p
754 3527 894 3546 ......
911 3487 945 3544 et
962 3479 1122 3564 judicium
1145 3501 1240 3545 snum
1262 3501 1322 3564 pro

217 3583 432 3648 lbodmortell
440 3610 452 3664 3
474 3591 508 3649 et
522 3583 610 3667 quod
622 3584 771 3648 homines
788 3583 855 3648 aint
873 3582 1023 3648 credendi
1038 3603 1095 3666 per
1109 3604 1205 3646 snum
1219 3604 1272 3667 ya,
1287 3590 1322 3647 et

217 3708 274 3772 per
291 3708 386 3751 annm
403 3709 464 3767 na3
488 3694 521 3751 et
542 3707 654 3752 omnes
673 3708 747 3752 suas
765 3694 879 3766 terras,
898 3685 1025 3753 habitas
1043 3692 1076 3749 et
1095 3685 1269 3766 habendas,
1288 3692 1322 3750 et

217 3789 365 3856 homines
382 3811 458 3854 snos
474 3790 522 3853 ita
538 3789 667 3870 liberos,
689 3789 776 3873 qnod
791 3810 851 3854 nec
871 3810 927 3852 rex
944 3787 1081 3871 Anglioe,
1099 3809 1160 3852 nec
1180 3787 1323 3852 ministri

216 3894 296 3977 ejus,
320 3913 381 3958 nec
404 3892 660 3977 archiepiscopus
678 3892 826 3970 Eboraci,
851 3911 911 3956 nec
936 3890 1078 3954 ministri
1100 3891 1179 3974 ejus,
1200 3888 1322 3973 aliquid

184 4039 190 4048 -
216 3996 335 4061 faciant
358 3996 410 4061 vel
432 3995 572 4060 habeant
598 3994 685 4078 quod
707 4003 758 4060 est
783 3993 824 4058 ad
847 4001 950 4058 terras
974 4014 1048 4058 suas
1071 3991 1121 4056 vel
1144 3991 1185 4056 ad
1214 4011 1321 4054 socam

216 4098 359 4182 capituli.
414 4098 565 4163 'Postibus
588 4098 630 4162 G.
649 4096 888 4181 archiepiscopo
905 4095 1110 4174 Eboracensi,
1130 4101 1162 4158 et
1184 4095 1221 4158 P.
1242 4114 1323 4177 prm-

217 4201 323 4285 posito
337 4200 512 4266 Beverlaci.

515 4423 842 4432 —————-—-—-
852 4419 1005 4427 —---.-
