3234 5125
691 440 824 497 WILLS.
1258 440 1311 495 601

205 611 315 691 cimas,
331 619 365 677 et
382 621 496 692 ten-aa,
516 619 550 677 et
569 612 712 677 laborem
733 632 853 693 meum,
868 612 967 679 raddo
988 620 1022 679 et
1043 614 1146 679 clamo
1165 614 1311 697 quietum

205 714 277 778 Deo
300 722 333 779 et
359 716 487 779 Sanctae
512 714 639 794 Mariae,
663 735 722 798 pro
748 714 889 779 remedio
911 716 1027 779 animae
1049 736 1140 795 meae,
1159 737 1198 779 ex
1220 722 1311 800 parte

204 837 277 881 mea
290 825 325 882 et
338 838 496 882 meorum.
540 818 673 882 Terram
687 824 796 881 autem
811 816 869 881 ubi
883 817 1016 881 domum
1031 839 1137 883 meam
1151 818 1309 897 edificavi,

203 926 238 982 et
262 918 405 984 laborem
431 941 540 985 meum
568 918 605 982 in
629 919 797 983 voluntate
822 939 933 982 eorum
959 919 1098 1000 dimitto,
1122 920 1197 1004 quia
1218 927 1309 985 ortua

203 1041 315 1086 eorum
335 1021 409 1102 fuit,
430 1029 463 1086 οι
480 1021 636 1107 petitione
656 1020 767 1085 domni
787 1019 928 1105 episcopi
948 1020 1113 1087 samsonis
1135 1044 1206 1087 eam
1226 1022 1307 1086 mihi

203 1131 429 1189 concesserunt
444 1124 481 1188 in
499 1124 566 1189 vita
582 1144 673 1203 mea3
696 1130 730 1188 et
748 1123 877 1188 volout
896 1123 996 1187 nichil
1017 1145 1074 1209 per
1091 1145 1143 1188 ma
1160 1124 1305 1209 perdant.

203 1225 412 1290 AEccloeiam¹
442 1226 541 1292 etiam
572 1228 700 1290 Sanctae
721 1225 838 1289 Mariae
864 1224 904 1289 de
935 1226 1108 1291 Lundonia
1123 1227 1223 1292 raddo
1248 1228 1305 1308 eis,

203 1328 279 1411 quia
301 1328 431 1393 illorum
453 1328 515 1392 fuit
536 1335 570 1393 et
591 1336 650 1393 eat.
694 1327 872 1392 Dimidiam
896 1327 1006 1392 hidam
1028 1328 1068 1393 de
1085 1330 1184 1408 Leno,
1208 1352 1306 1415 quam

203 1430 363 1496 Godrioua
373 1430 413 1496 de
427 1451 480 1495 me
493 1430 592 1495 libere
605 1437 707 1509 tenet,
721 1428 822 1494 reddo
836 1429 892 1509 eis,
907 1438 941 1495 et
954 1430 1120 1494 servitium
1135 1432 1213 1517 ejus,
1230 1435 1306 1517 quia

198 1531 287 1616 juata
316 1533 357 1597 ad
379 1554 434 1597 eoa
452 1532 609 1616 pertinet.
657 1533 703 1596 Et
724 1530 788 1615 ipsi
812 1532 928 1597 fratres
954 1544 1181 1601 concesserunt
1204 1538 1304 1605 michi

201 1634 378 1719 plenariam
397 1634 584 1699 societatem
602 1633 638 1697 in
655 1633 805 1699 omnibus
827 1634 993 1699 beneficiis
1011 1636 1173 1718 aeoelesiae,
1190 1646 1228 1705 ιιι
1247 1643 1304 1708 fiat

200 1757 260 1820 pro
274 1758 326 1801 me
339 1736 375 1800 in
388 1736 456 1802 vita
469 1745 503 1801 et
516 1743 590 1821 poat
604 1742 743 1801 mortem
757 1736 841 1801 sicut
855 1757 914 1820 pro
929 1737 1097 1806 monacho.

237 1900 245 1931 ¹
263 1898 302 1952 Ia
317 1898 442 1969 marmiae.
483 1899 576 1955 Prim0
594 1898 684 1955 tenuit
706 1916 767 1954 eam
787 1898 939 1954 Godwinua
962 1900 1169 1961 Brochoaunche
1190 1908 1302 1981 quidam

199 1982 301 2039 vinitor
307 2003 316 2053 ;
339 1988 402 2056 post
420 2002 484 2041 eum
504 1985 676 2065 Ohaiatianua
693 1985 855 2053 latim,
878 1986 1004 2041 similiter
1022 1988 1138 2061 vinit013
1159 2000 1221 2065 post
1237 2014 1301 2054 eum

198 2069 272 2125 filius
291 2070 351 2143 ajua
367 2071 493 2128 similiter
508 2073 624 2141 vinitam
642 2078 706 2145 post
722 2090 785 2127 eum
802 2071 950 2128 wilelmus
966 2073 1039 2129 filius
1055 2076 1195 2151 Μαιοᾱίς
1218 2086 1301 2141 modo

199 2160 275 2211 ιοιιοι
286 2174 347 2211 aam
357 2156 430 2212 filius
441 2158 508 2229 ejua.
543 2159 608 2232 Ipsa
618 2164 690 2213 tarra
699 2159 752 2213 sita
763 2164 805 2213 eat
814 2158 897 2231 juxta
912 2160 1053 2216 aeclesiam
1066 2162 1160 2221 Sancti
1172 2167 1299 2243 Jacobi·,

199 2242 988 2318 femadm‘padeadiaaamabaaabaquilonariparta

325 2449 900 2525 'Apparentlystsamoe’soarlickffila
913 2452 1066 2511 maana
1078 2454 1174 2514 niae.
1228 2424 1231 2429 “
