3234 5125
271 404 324 459 288
546 391 869 460 mscnnnnnnoos
888 400 1104 456 CHARTERS,

273 574 396 640 Christi
410 581 443 639 et
459 575 572 639 Sancti
591 574 691 654 Petri,
711 595 807 659 quem
821 580 996 658 patronum
1010 572 1110 637 michi
1125 571 1185 637 sub
1201 574 1272 637 Deo
1287 572 1380 655 elegi,

272 684 306 740 et
334 679 451 741 Sancte
474 677 647 763 Ebeldriiie
669 676 804 759 virginis
825 677 896 740 Deo
919 676 1055 754 dilectae,
1083 683 1116 740 et
1143 677 1212 760 ejus
1232 676 1380 760 prosapie

273 786 392 842 sanctae
414 778 481 842 illio
502 778 705 862 quiescentis,
732 786 765 841 et
788 799 847 861 pro
876 778 1045 843 animabus
1073 785 1203 861 patrum
1232 798 1379 842 meorum

273 903 386 963 regum
410 882 619 964 antiquorum
643 890 854 963 augmentare
876 880 1009 963 largiter
1030 880 1267 944 mutuationem
1289 880 1378 943 illam

273 984 337 1047 biis
362 983 466 1062 donis,
487 983 625 1047 testibus
640 983 844 1047 'consiliariis
872 983 963 1061 meis,
988 982 1079 1047 volo:
1112 982 1174 1047 hoc
1198 990 1247 1047 est
1271 982 1381 1047 decem

274 1085 365 1149 milia
378 1085 594 1168 anguillarum
609 1085 699 1149 omni
714 1106 799 1149 anno
814 1084 933 1149 invilla
947 1106 1020 1168 quie
1034 1093 1079 1150 aet
1091 1086 1236 1169 Uuyllan
1251 1085 1380 1165 dicitur,

273 1208 331 1271 pro
355 1187 557 1270 expeditione
587 1186 778 1265 redduntur,
801 1187 957 1251 fiatribus
984 1186 1026 1251 sd
1049 1187 1200 1252 victudia
1225 1186 1321 1251 modo
1347 1194 1380 1252 et

274 1290 424 1373 deinceps
437 1289 596 1353 concedo:
618 1296 653 1353 et
674 1290 761 1352 intra
781 1288 915 1373 paludes
935 1310 1047 1354 causas
1064 1289 1222 1355 seculares
1244 1290 1381 1353 duorum

273 1392 524 1470 centuriatum,
550 1398 585 1455 et
616 1399 707 1455 extra
739 1391 873 1475 paludes
901 1392 1043 1475 quinque
1072 1391 1313 1455 centuriatuum
1346 1392 1382 1455 in

274 1494 478 1560 Uuiclauuan
503 1494 538 1558 in
563 1493 727 1576 provincia
746 1493 962 1558 Orientalium
986 1496 1151 1557 Saxonum
1175 1492 1315 1577 benigne
1331 1493 1382 1558 ⁴ad

274 1596 412 1659 fratrum
443 1595 623 1661 necessaria
654 1594 825 1659 sanciendo
853 1595 983 1679 largior.
1044 1596 1237 1661 Quineciam
1268 1616 1380 1660 omnes

275 1719 388 1762 causas
410 1718 469 1761 seu
493 1698 712 1780 correpciones
736 1698 1028 1781 transgressionum
1046 1699 1134 1781 juste
1155 1698 1237 1780 legis
1258 1698 1294 1760 in
1316 1718 1380 1761 ser-

274 1800 425 1863 monibus
454 1798 653 1863 seculnribus
689 1800 836 1863 omnium
869 1807 1028 1864 terrarum
1062 1800 1129 1864 sive
1157 1800 1307 1864 villarum
1340 1798 1379 1863 ad

274 1902 507 1966 monesterium
521 1902 702 1985 predictum
715 1903 778 1966 rite
793 1902 1038 1985 pertinencium,
1049 1909 1083 1966 et
1097 1922 1169 1985 quae
1183 1902 1219 1965 in
1233 1902 1380 1965 futurum

274 2024 377 2068 serum
396 2004 458 2068 Dei
479 2002 683 2087 providencia
705 2004 777 2068 loco
798 2004 935 2087 praelsto
958 2004 1116 2087 largitura
1142 2012 1200 2083 est,
1222 2004 1289 2068 sive
1313 2024 1379 2067 em·

273 2105 395 2190 ptione,
404 2126 461 2170 seu
470 2105 652 2185 donatione,
663 2114 720 2170 aut
729 2107 934 2191 aliquejusta
944 2106 1169 2191 adquisitione,
1181 2114 1268 2171 stent
1277 2128 1380 2171 causoe

274 2209 431 2273 seculares
455 2210 673 2290 emendandae,
696 2218 765 2274 tarn
792 2210 945 2275 clementi
975 2210 1121 2275 examine
1143 2210 1281 2274 fratrum
1310 2211 1381 2275 loco

274 2311 480 2375 manencinm
494 2312 595 2375 victui
609 2312 659 2375 vel
669 2312 799 2375 vestitui
819 2312 998 2377 necessaria
1012 2311 1254 2377 ministrantes:
1278 2312 1381 2377 adhuc

274 2413 405 2497 insuper
428 2434 557 2477 omnem
584 2421 735 2497 quartum
765 2436 937 2477 nummum
963 2414 1140 2498 reipublice
1161 2414 1197 2478 in
1218 2415 1382 2498 provincia

275 2515 523 2580 Grantaoeaster
536 2515 690 2580 iratribus
704 2516 903 2580 reddendum
915 2515 989 2601 jure
1002 2524 1156 2601 perpetuo
1171 2537 1296 2582 censeo.
1335 2517 1381 2582 Et

235 2649 239 2656 ·
274 2618 317 2682 sit
331 2618 392 2682 hoc
405 2617 607 2701 privilegium
622 2620 759 2684 liberum
776 2620 868 2703 quasi
883 2641 1002 2683 munus
1019 2627 1167 2694 nostrum
1183 2620 1253 2684 Deo
1268 2619 1380 2684 devote

274 2719 419 2784 oblatum
440 2727 474 2783 ct
499 2721 619 2784 sanctis
640 2723 709 2805 ejus
731 2721 903 2805 predictis,
929 2722 969 2785 ad
997 2722 1175 2786 remedium
1200 2722 1380 2786 animarum

273 2831 468 2901 nostrarum,
483 2823 579 2886 sicuti
600 2824 728 2907 praefeti
750 2845 873 2902 sumus,
889 2833 927 2887 ut
950 2823 1059 2886 nullus
1076 2845 1190 2908 regum
1212 2844 1272 2888 nec
1294 2824 1380 2907 prin·

274 2925 393 3008 cipum,
420 2932 478 2987 aut
502 2924 601 2988 ullius
630 2925 752 2989 ordinis
778 2925 931 3009 quislibet
956 2933 1147 3008 praepotens,
1170 2925 1381 3008 imposterum

274 3027 437 3090 obstinata
461 3025 634 3109 tyrannide
663 3027 784 3110 aliquid
809 3027 927 3090 horum
950 3025 1124 3110 infringere
1153 3028 1381 3110 praesumat,si

275 3149 342 3190 non
352 3128 423 3190 vult
432 3126 550 3190 habere
564 3128 794 3211 omnipotentis
804 3129 867 3193 Dei
877 3129 1137 3194 maledictionem
1152 3138 1185 3194 et
1196 3137 1381 3194 sanctorum

275 3231 356 3313 ejus,
368 3238 401 3294 et
415 3251 520 3293 meam
530 3237 563 3293 et
571 3239 699 3313 patrum
711 3253 867 3311 meorum,
880 3253 938 3315 pro
953 3231 1070 3315 quibus
1085 3233 1149 3296 iste
1161 3234 1269 3298 omnia
1278 3234 1381 3298 libere

275 3331 386 3395 baberi
400 3331 548 3396 volumus
562 3340 683 3396 eterna
695 3333 844 3397 libertate
859 3334 894 3397 in
909 3341 1077 3398 oeternum.
1123 3337 1240 3399 Amen.

321 3436 395 3499 Hoc
424 3435 626 3519 privilegium
655 3435 752 3521 hujus
781 3435 965 3502 donationis
994 3445 1027 3502 et
1056 3437 1215 3502 libertatis
1245 3438 1380 3502 lecimus

275 3535 372 3600 scribi
391 3557 477 3600 anno
498 3536 735 3602 incarnationis·
754 3539 889 3602 Domini
909 3539 1013 3602 nostri
1032 3540 1134 3603 Jhesu
1153 3541 1275 3605 Christi
1300 3562 1381 3605 non-

275 3638 470 3721 gentessimo
498 3640 969 3722 septuagessimo,1ndictione
999 3643 1100 3705 tercia
1130 3643 1265 3722 decima,
1297 3665 1382 3708 anno

274 3741 367 3824 regni
392 3740 456 3804 mei
481 3761 571 3825 aeque
593 3741 693 3806 tercio
716 3742 852 3820 decimo,
874 3742 909 3805 in
935 3743 1011 3806 villa
1033 3744 1134 3826 regali
1159 3767 1232 3828 quae
1260 3746 1382 3811 famoso

274 3844 430 3908 vocabulo
438 3865 458 3907 a
467 3843 606 3909 solicolis
615 3844 803 3908 Unlsamere
818 3844 1016 3923 nominatur,
1028 3866 1095 3908 non
1107 3846 1190 3909 clam
1204 3847 1239 3910 in
1251 3849 1381 3931 angulo,

275 3954 325 4010 set
339 3945 399 4010 sub
413 3945 487 4010 divo
500 3946 606 4030 palem
620 3945 859 4009 evidentissime
880 3945 1056 4010 scientibus
1078 3949 1179 4012 totius
1201 3950 1294 4032 regni
1316 3951 1381 4014 mei

275 4048 477 4131 primatibus,
492 4069 629 4131 quorum
644 4047 783 4131 quedam
797 4048 931 4111 nomine
944 4049 998 4114 hio
1017 4049 1102 4114 infre
1123 4051 1221 4115 inseri
1236 4053 1277 4116 ad
1292 4051 1383 4116 testi-

274 4150 423 4215 moninm
436 4150 646 4233 imposterum
660 4149 893 4213 mandavimus.

321 4255 361 4334 ›1‹
377 4254 450 4335 Ego
466 4253 633 4335 Endgarus
655 4274 712 4316 rex
736 4251 844 4316 animo
869 4253 1009 4337 benigno
1032 4255 1094 4319 hoc
1120 4255 1287 4339 largiendo
1310 4257 1382 4322 Deo

276 4354 429 4433 concessi,
460 4363 493 4418 et
516 4355 604 4438 regia
629 4353 829 4420 sublimitate
855 4357 1068 4422 corroboravi.
1128 4359 1200 4443 Ego
1230 4361 1381 4426 Dunstan
