<?xml version="1.0" encoding="UTF-8"?>
<!DOCTYPE html PUBLIC "-//W3C//DTD XHTML 1.0 Transitional//EN"
    "http://www.w3.org/TR/xhtml1/DTD/xhtml1-transitional.dtd">
<html xmlns="http://www.w3.org/1999/xhtml" xml:lang="en" lang="en">
 <head>
  <title>
</title>
<meta http-equiv="Content-Type" content="text/html;charset=utf-8" />
  <meta name='ocr-system' content='tesseract 3.04.00' />
  <meta name='ocr-capabilities' content='ocr_page ocr_carea ocr_par ocr_line ocrx_word'/>
</head>
<body>
  <div class='ocr_page' id='page_1' title='image "./diplomatariuman02thorgoog_0309.png"; bbox 0 0 3234 5125; ppageno 0'>
   <div class='ocr_carea' id='block_1_1' title="bbox 479 424 1312 483">
    <p class='ocr_par' dir='ltr' id='par_1_1' title="bbox 479 424 1312 483">
     <span class='ocr_line' id='line_1_1' title="bbox 479 424 1312 483; baseline -0.005 -1"><span class='ocrx_word' id='word_1_1' title='bbox 479 426 801 483; x_wconf 73' lang='lat' dir='ltr'><strong>Mlscuuauaous</strong></span> <span class='ocrx_word' id='word_1_2' title='bbox 821 425 1035 483; x_wconf 82' lang='lat' dir='ltr'><strong>OHARTERS.</strong></span> <span class='ocrx_word' id='word_1_3' title='bbox 1259 424 1312 479; x_wconf 80' lang='lat'><strong>267</strong></span> 
     </span>
    </p>
   </div>
   <div class='ocr_carea' id='block_1_2' title="bbox 221 660 1294 915">
    <p class='ocr_par' dir='ltr' id='par_1_2' title="bbox 221 660 1294 915">
     <span class='ocr_line' id='line_1_2' title="bbox 221 660 1294 719; baseline 0.001 -6"><span class='ocrx_word' id='word_1_4' title='bbox 221 660 451 717; x_wconf 72' lang='lat' dir='ltr'>DESCRIPTIO</span> <span class='ocrx_word' id='word_1_5' title='bbox 476 662 620 717; x_wconf 84' lang='lat' dir='ltr'>TERRAE</span> <span class='ocrx_word' id='word_1_6' title='bbox 643 664 904 719; x_wconf 83' lang='lat' dir='ltr'>EPISCOPATUS</span> <span class='ocrx_word' id='word_1_7' title='bbox 931 661 1203 719; x_wconf 85' lang='lat' dir='ltr'>WIGORNENSIS</span> <span class='ocrx_word' id='word_1_8' title='bbox 1230 660 1294 715; x_wconf 84' lang='lat' dir='ltr'><strong>EO·</strong></span> 
     </span>
     <span class='ocr_line' id='line_1_3' title="bbox 286 757 1293 830; baseline -0.002 -16"><span class='ocrx_word' id='word_1_9' title='bbox 286 758 433 830; x_wconf 66' lang='lat' dir='ltr'><strong>chaam,</strong></span> <span class='ocrx_word' id='word_1_10' title='bbox 459 760 672 816; x_wconf 82' lang='lat' dir='ltr'>SECUNDUM</span> <span class='ocrx_word' id='word_1_11' title='bbox 702 761 863 817; x_wconf 83' lang='lat' dir='ltr'><strong>CARTAM</strong></span> <span class='ocrx_word' id='word_1_12' title='bbox 894 761 1010 817; x_wconf 83' lang='lat' dir='ltr'>REGIS</span> <span class='ocrx_word' id='word_1_13' title='bbox 1041 760 1120 827; x_wconf 78' lang='lat' dir='ltr'><strong>QUE</strong></span> <span class='ocrx_word' id='word_1_14' title='bbox 1149 758 1219 815; x_wconf 81' lang='lat' dir='ltr'><strong>EST</strong></span> <span class='ocrx_word' id='word_1_15' title='bbox 1250 757 1293 812; x_wconf 91' lang='lat' dir='ltr'><strong>IN</strong></span> 
     </span>
     <span class='ocr_line' id='line_1_4' title="bbox 285 858 667 915; baseline 0.003 -2"><span class='ocrx_word' id='word_1_16' title='bbox 285 858 494 914; x_wconf 68' lang='lat' dir='ltr'><strong>messuro</strong></span> <span class='ocrx_word' id='word_1_17' title='bbox 511 860 565 914; x_wconf 89' lang='lat' dir='ltr'><strong>RE</strong></span> <span class='ocrx_word' id='word_1_18' title='bbox 576 898 667 915; x_wconf 89' lang='grc'>.....</span> 
     </span>
    </p>
   </div>
   <div class='ocr_carea' id='block_1_3' title="bbox 203 1005 1313 2536">
    <p class='ocr_par' dir='ltr' id='par_1_3' title="bbox 203 1005 1313 2536">
     <span class='ocr_line' id='line_1_5' title="bbox 245 1005 1311 1090; baseline -0.001 -19"><span class='ocrx_word' id='word_1_19' title='bbox 245 1006 391 1072; x_wconf 74' lang='lat' dir='ltr'><strong>Ecclesia</strong></span> <span class='ocrx_word' id='word_1_20' title='bbox 402 1008 522 1073; x_wconf 86' lang='lat' dir='ltr'><strong>Sancte</strong></span> <span class='ocrx_word' id='word_1_21' title='bbox 532 1009 640 1073; x_wconf 76' lang='lat' dir='ltr'><strong>Mutia</strong></span> <span class='ocrx_word' id='word_1_22' title='bbox 654 1008 694 1073; x_wconf 90' lang='lat' dir='ltr'><strong>de</strong></span> <span class='ocrx_word' id='word_1_23' title='bbox 703 1007 893 1073; x_wconf 85' lang='lat' dir='ltr'><strong>Win&#39;cestrc</strong></span> <span class='ocrx_word' id='word_1_24' title='bbox 907 1008 1006 1073; x_wconf 85' lang='lat' dir='ltr'><strong>habet</strong></span> <span class='ocrx_word' id='word_1_25' title='bbox 1020 1030 1044 1072; x_wconf 92' lang='lat'><strong>1.</strong></span> <span class='ocrx_word' id='word_1_26' title='bbox 1059 1007 1213 1085; x_wconf 81' lang='lat' dir='ltr'><strong>hundret,</strong></span> <span class='ocrx_word' id='word_1_27' title='bbox 1226 1005 1311 1090; x_wconf 89' lang='lat' dir='ltr'><strong>quod</strong></span> 
     </span>
     <span class='ocr_line' id='line_1_6' title="bbox 204 1109 1310 1197; baseline -0.001 -23"><span class='ocrx_word' id='word_1_28' title='bbox 204 1118 338 1174; x_wconf 85' lang='lat' dir='ltr'><strong>vocatur</strong></span> <span class='ocrx_word' id='word_1_29' title='bbox 364 1110 608 1191; x_wconf 84' lang='lat' dir='ltr'><strong>Osuualdeslau,</strong></span> <span class='ocrx_word' id='word_1_30' title='bbox 631 1112 756 1195; x_wconf 91' lang='lat' dir='ltr'><strong>inquo</strong></span> <span class='ocrx_word' id='word_1_31' title='bbox 781 1113 892 1197; x_wconf 86' lang='lat' dir='ltr'><strong>jacent</strong></span> <span class='ocrx_word' id='word_1_32' title='bbox 915 1132 985 1177; x_wconf 92' lang='lat' dir='ltr'><strong>coc.</strong></span> <span class='ocrx_word' id='word_1_33' title='bbox 1009 1110 1104 1190; x_wconf 79' lang='lat' dir='ltr'><strong>hida,</strong></span> <span class='ocrx_word' id='word_1_34' title='bbox 1128 1109 1169 1174; x_wconf 87' lang='lat' dir='ltr'><strong>de</strong></span> <span class='ocrx_word' id='word_1_35' title='bbox 1194 1109 1310 1193; x_wconf 88' lang='lat' dir='ltr'><strong>quibus</strong></span> 
     </span>
     <span class='ocr_line' id='line_1_7' title="bbox 204 1213 1310 1299; baseline -0.002 -22"><span class='ocrx_word' id='word_1_36' title='bbox 204 1213 370 1299; x_wconf 85' lang='lat' dir='ltr'><strong>episcopus</strong></span> <span class='ocrx_word' id='word_1_37' title='bbox 393 1213 494 1297; x_wconf 88' lang='lat' dir='ltr'><strong>ipsius</strong></span> <span class='ocrx_word' id='word_1_38' title='bbox 517 1214 680 1293; x_wconf 69' lang='lat' dir='ltr'><strong>wclesioe,</strong></span> <span class='ocrx_word' id='word_1_39' title='bbox 700 1220 720 1279; x_wconf 67' lang='lat' dir='ltr'><strong>a</strong></span> <span class='ocrx_word' id='word_1_40' title='bbox 742 1214 975 1280; x_wconf 85' lang='lat' dir='ltr'><strong>constitutione</strong></span> <span class='ocrx_word' id='word_1_41' title='bbox 998 1214 1206 1296; x_wconf 84' lang='lat' dir='ltr'><strong>antiquorum</strong></span> <span class='ocrx_word' id='word_1_42' title='bbox 1228 1220 1310 1275; x_wconf 85' lang='lat' dir='ltr'><strong>tem-</strong></span> 
     </span>
     <span class='ocr_line' id='line_1_8' title="bbox 204 1316 1310 1401; baseline -0.004 -20"><span class='ocrx_word' id='word_1_43' title='bbox 204 1338 329 1401; x_wconf 91' lang='lat' dir='ltr'><strong>porum,</strong></span> <span class='ocrx_word' id='word_1_44' title='bbox 344 1317 443 1382; x_wconf 85' lang='lat' dir='ltr'><strong>habet</strong></span> <span class='ocrx_word' id='word_1_45' title='bbox 457 1338 571 1382; x_wconf 88' lang='lat' dir='ltr'><strong>omnes</strong></span> <span class='ocrx_word' id='word_1_46' title='bbox 591 1316 786 1383; x_wconf 78' lang='lat' dir='ltr'>redditiones</span> <span class='ocrx_word' id='word_1_47' title='bbox 804 1317 987 1395; x_wconf 80' lang='lat' dir='ltr'><strong>socharum,</strong></span> <span class='ocrx_word' id='word_1_48' title='bbox 1003 1324 1036 1381; x_wconf 91' lang='lat' dir='ltr'><strong>et</strong></span> <span class='ocrx_word' id='word_1_49' title='bbox 1050 1336 1163 1381; x_wconf 88' lang='lat' dir='ltr'><strong>omnes</strong></span> <span class='ocrx_word' id='word_1_50' title='bbox 1178 1334 1310 1379; x_wconf 87' lang='lat' dir='ltr'><strong>consue-</strong></span> 
     </span>
     <span class='ocr_line' id='line_1_9' title="bbox 204 1418 1311 1505; baseline -0.003 -20"><span class='ocrx_word' id='word_1_51' title='bbox 204 1420 334 1486; x_wconf 87' lang='lat' dir='ltr'><strong>tudines</strong></span> <span class='ocrx_word' id='word_1_52' title='bbox 359 1420 442 1485; x_wconf 90' lang='lat' dir='ltr'><strong>inibi</strong></span> <span class='ocrx_word' id='word_1_53' title='bbox 470 1421 669 1505; x_wconf 78' lang='lat' dir='ltr'><strong>pertinentes</strong></span> <span class='ocrx_word' id='word_1_54' title='bbox 700 1421 743 1485; x_wconf 87' lang='lat' dir='ltr'><strong>ad</strong></span> <span class='ocrx_word' id='word_1_55' title='bbox 771 1422 969 1485; x_wconf 89' lang='lat' dir='ltr'><strong>dominicum</strong></span> <span class='ocrx_word' id='word_1_56' title='bbox 998 1420 1132 1498; x_wconf 89' lang='lat' dir='ltr'><strong>victum,</strong></span> <span class='ocrx_word' id='word_1_57' title='bbox 1164 1426 1197 1483; x_wconf 94' lang='lat' dir='ltr'><strong>et</strong></span> <span class='ocrx_word' id='word_1_58' title='bbox 1225 1418 1311 1500; x_wconf 84' lang='lat' dir='ltr'><strong>regis</strong></span> 
     </span>
     <span class='ocr_line' id='line_1_10' title="bbox 204 1519 1312 1588; baseline -0.004 -1"><span class='ocrx_word' id='word_1_59' title='bbox 204 1523 373 1587; x_wconf 89' lang='lat' dir='ltr'><strong>servitium</strong></span> <span class='ocrx_word' id='word_1_60' title='bbox 387 1531 421 1587; x_wconf 91' lang='lat' dir='ltr'><strong>et</strong></span> <span class='ocrx_word' id='word_1_61' title='bbox 435 1545 551 1588; x_wconf 88' lang='lat' dir='ltr'><strong>suum:</strong></span> <span class='ocrx_word' id='word_1_62' title='bbox 567 1523 615 1586; x_wconf 89' lang='lat' dir='ltr'><strong>ita</strong></span> <span class='ocrx_word' id='word_1_63' title='bbox 633 1530 671 1587; x_wconf 93' lang='lat' dir='ltr'><strong>ut</strong></span> <span class='ocrx_word' id='word_1_64' title='bbox 685 1522 794 1587; x_wconf 88' lang='lat' dir='ltr'><strong>nullus</strong></span> <span class='ocrx_word' id='word_1_65' title='bbox 808 1523 985 1588; x_wconf 74' lang='lat' dir='ltr'><strong>vicecomes</strong></span> <span class='ocrx_word' id='word_1_66' title='bbox 1005 1522 1104 1586; x_wconf 88' lang='lat' dir='ltr'><strong>ullam</strong></span> <span class='ocrx_word' id='word_1_67' title='bbox 1126 1521 1172 1585; x_wconf 93' lang='lat' dir='ltr'><strong>ibi</strong></span> <span class='ocrx_word' id='word_1_68' title='bbox 1194 1519 1312 1584; x_wconf 86' lang='lat' dir='ltr'><strong>habere</strong></span> 
     </span>
     <span class='ocr_line' id='line_1_11' title="bbox 203 1622 1311 1711; baseline -0.002 -22"><span class='ocrx_word' id='word_1_69' title='bbox 203 1625 305 1709; x_wconf 84' lang='lat' dir='ltr'><strong>possit</strong></span> <span class='ocrx_word' id='word_1_70' title='bbox 325 1626 499 1709; x_wconf 86' lang='lat' dir='ltr'><strong>querelam,</strong></span> <span class='ocrx_word' id='word_1_71' title='bbox 519 1646 580 1691; x_wconf 88' lang='lat' dir='ltr'><strong>nec</strong></span> <span class='ocrx_word' id='word_1_72' title='bbox 602 1628 638 1689; x_wconf 91' lang='lat' dir='ltr'><strong>in</strong></span> <span class='ocrx_word' id='word_1_73' title='bbox 662 1626 770 1710; x_wconf 90' lang='lat' dir='ltr'><strong>aliquo</strong></span> <span class='ocrx_word' id='word_1_74' title='bbox 792 1626 921 1711; x_wconf 85' lang='lat' dir='ltr'><strong>placito,</strong></span> <span class='ocrx_word' id='word_1_75' title='bbox 943 1625 1062 1690; x_wconf 87' lang='lat' dir='ltr'><strong>necin</strong></span> <span class='ocrx_word' id='word_1_76' title='bbox 1085 1624 1149 1689; x_wconf 89' lang='lat' dir='ltr'><strong>alia</strong></span> <span class='ocrx_word' id='word_1_77' title='bbox 1167 1622 1311 1706; x_wconf 85' lang='lat' dir='ltr'><strong>qualibet</strong></span> 
     </span>
     <span class='ocr_line' id='line_1_12' title="bbox 204 1715 1309 1813; baseline -0.004 -20"><span class='ocrx_word' id='word_1_78' title='bbox 204 1749 317 1793; x_wconf 84' lang='lat' dir='ltr'><strong>causa:</strong></span> <span class='ocrx_word' id='word_1_79' title='bbox 341 1729 403 1793; x_wconf 92' lang='lat' dir='ltr'><strong>hoc</strong></span> <span class='ocrx_word' id='word_1_80' title='bbox 424 1736 599 1793; x_wconf 84' lang='lat' dir='ltr'><strong>attestatur</strong></span> <span class='ocrx_word' id='word_1_81' title='bbox 617 1736 707 1793; x_wconf 88' lang='lat' dir='ltr'><strong>totus</strong></span> <span class='ocrx_word' id='word_1_82' title='bbox 728 1715 913 1794; x_wconf 84' lang='lat' dir='ltr'><strong>comitatus.</strong></span> <span class='ocrx_word' id='word_1_83' title='bbox 964 1730 1027 1793; x_wconf 79' lang='lat' dir='ltr'><strong>Hae</strong></span> <span class='ocrx_word' id='word_1_84' title='bbox 1053 1726 1214 1813; x_wconf 68' lang='lat' dir='ltr'><strong>praedictae</strong></span> <span class='ocrx_word' id='word_1_85' title='bbox 1239 1746 1309 1790; x_wconf 89' lang='lat' dir='ltr'><strong>ccc.</strong></span> 
     </span>
     <span class='ocr_line' id='line_1_13' title="bbox 204 1829 1310 1915; baseline -0.004 -20"><span class='ocrx_word' id='word_1_86' title='bbox 204 1831 290 1895; x_wconf 80' lang='lat' dir='ltr'><strong>hidre</strong></span> <span class='ocrx_word' id='word_1_87' title='bbox 313 1831 447 1897; x_wconf 75' lang='lat' dir='ltr'><strong>fueram</strong></span> <span class='ocrx_word' id='word_1_88' title='bbox 469 1832 510 1897; x_wconf 89' lang='lat' dir='ltr'><strong>de</strong></span> <span class='ocrx_word' id='word_1_89' title='bbox 533 1831 604 1915; x_wconf 93' lang='lat' dir='ltr'><strong>ipso</strong></span> <span class='ocrx_word' id='word_1_90' title='bbox 625 1831 770 1897; x_wconf 91' lang='lat' dir='ltr'><strong>dominio</strong></span> <span class='ocrx_word' id='word_1_91' title='bbox 791 1832 963 1909; x_wconf 59' lang='lat' dir='ltr'><strong>{eculeum</strong></span> <span class='ocrx_word' id='word_1_92' title='bbox 988 1839 1021 1895; x_wconf 90' lang='lat' dir='ltr'><strong>et</strong></span> <span class='ocrx_word' id='word_1_93' title='bbox 1045 1829 1152 1914; x_wconf 86' lang='lat' dir='ltr'><strong>siquid</strong></span> <span class='ocrx_word' id='word_1_94' title='bbox 1171 1829 1211 1893; x_wconf 85' lang='lat' dir='ltr'><strong>de</strong></span> <span class='ocrx_word' id='word_1_95' title='bbox 1230 1829 1310 1912; x_wconf 78' lang='lat' dir='ltr'><strong>ipsis</strong></span> 
     </span>
     <span class='ocr_line' id='line_1_14' title="bbox 205 1931 1310 2021; baseline -0.007 -19"><span class='ocrx_word' id='word_1_96' title='bbox 205 1937 386 2019; x_wconf 85' lang='lat' dir='ltr'><strong>cuicunque</strong></span> <span class='ocrx_word' id='word_1_97' title='bbox 408 1936 532 2001; x_wconf 88' lang='lat' dir='ltr'><strong>homini</strong></span> <span class='ocrx_word' id='word_1_98' title='bbox 557 1935 701 2021; x_wconf 90' lang='lat' dir='ltr'><strong>quolibet</strong></span> <span class='ocrx_word' id='word_1_99' title='bbox 724 1936 821 2001; x_wconf 91' lang='lat' dir='ltr'><strong>modo</strong></span> <span class='ocrx_word' id='word_1_100' title='bbox 845 1934 1038 1999; x_wconf 87' lang='lat' dir='ltr'><strong>attributum</strong></span> <span class='ocrx_word' id='word_1_101' title='bbox 1065 1933 1115 1998; x_wconf 90' lang='lat' dir='ltr'><strong>vel</strong></span> <span class='ocrx_word' id='word_1_102' title='bbox 1138 1931 1310 2016; x_wconf 89' lang='lat' dir='ltr'><strong>prestitum</strong></span> 
     </span>
     <span class='ocr_line' id='line_1_15' title="bbox 205 2036 1311 2122; baseline -0.003 -20"><span class='ocrx_word' id='word_1_103' title='bbox 205 2040 317 2105; x_wconf 84' lang='lat' dir='ltr'><strong>fuisset</strong></span> <span class='ocrx_word' id='word_1_104' title='bbox 342 2039 384 2104; x_wconf 84' lang='lat' dir='ltr'><strong>ad</strong></span> <span class='ocrx_word' id='word_1_105' title='bbox 407 2038 611 2104; x_wconf 87' lang='lat' dir='ltr'><strong>serviendum</strong></span> <span class='ocrx_word' id='word_1_106' title='bbox 634 2038 711 2103; x_wconf 85' lang='lat' dir='ltr'><strong>inde</strong></span> <span class='ocrx_word' id='word_1_107' title='bbox 733 2039 893 2122; x_wconf 90' lang='lat' dir='ltr'><strong>episcopo,</strong></span> <span class='ocrx_word' id='word_1_108' title='bbox 914 2038 980 2117; x_wconf 90' lang='lat' dir='ltr'><strong>ille,</strong></span> <span class='ocrx_word' id='word_1_109' title='bbox 1005 2036 1061 2122; x_wconf 92' lang='lat' dir='ltr'><strong>qui</strong></span> <span class='ocrx_word' id='word_1_110' title='bbox 1090 2057 1161 2101; x_wconf 85' lang='lat' dir='ltr'><strong>eam</strong></span> <span class='ocrx_word' id='word_1_111' title='bbox 1190 2042 1311 2099; x_wconf 86' lang='lat' dir='ltr'><strong>terram</strong></span> 
     </span>
     <span class='ocr_line' id='line_1_16' title="bbox 206 2136 1313 2225; baseline -0.007 -18"><span class='ocrx_word' id='word_1_112' title='bbox 206 2143 383 2225; x_wconf 71' lang='lat' dir='ltr'><strong>prestitam</strong></span> <span class='ocrx_word' id='word_1_113' title='bbox 397 2143 459 2207; x_wconf 87' lang='lat' dir='ltr'><strong>sibi</strong></span> <span class='ocrx_word' id='word_1_114' title='bbox 470 2141 611 2221; x_wconf 87' lang='lat' dir='ltr'><strong>tenebat,</strong></span> <span class='ocrx_word' id='word_1_115' title='bbox 622 2142 747 2206; x_wconf 90' lang='lat' dir='ltr'><strong>nullam</strong></span> <span class='ocrx_word' id='word_1_116' title='bbox 757 2142 891 2207; x_wconf 91' lang='lat' dir='ltr'><strong>omnino</strong></span> <span class='ocrx_word' id='word_1_117' title='bbox 902 2139 1169 2205; x_wconf 88' lang='lat' dir='ltr'><strong>consuetudinem</strong></span> <span class='ocrx_word' id='word_1_118' title='bbox 1184 2136 1313 2201; x_wconf 87' lang='lat' dir='ltr'><strong>sibimet</strong></span> 
     </span>
     <span class='ocr_line' id='line_1_17' title="bbox 205 2245 1310 2331; baseline -0.005 -22"><span class='ocrx_word' id='word_1_119' title='bbox 205 2245 281 2309; x_wconf 90' lang='lat' dir='ltr'><strong>inde</strong></span> <span class='ocrx_word' id='word_1_120' title='bbox 303 2247 443 2311; x_wconf 88' lang='lat' dir='ltr'><strong>retinere</strong></span> <span class='ocrx_word' id='word_1_121' title='bbox 472 2254 608 2330; x_wconf 86' lang='lat' dir='ltr'><strong>poterat,</strong></span> <span class='ocrx_word' id='word_1_122' title='bbox 635 2246 700 2309; x_wconf 88' lang='lat' dir='ltr'><strong>uisi</strong></span> <span class='ocrx_word' id='word_1_123' title='bbox 729 2266 786 2329; x_wconf 88' lang='lat' dir='ltr'><strong>per</strong></span> <span class='ocrx_word' id='word_1_124' title='bbox 815 2245 1019 2331; x_wconf 82' lang='lat' dir='ltr'><strong>episcopum3</strong></span> <span class='ocrx_word' id='word_1_125' title='bbox 1057 2262 1161 2325; x_wconf 89' lang='lat' dir='ltr'><strong>neque</strong></span> <span class='ocrx_word' id='word_1_126' title='bbox 1190 2248 1310 2305; x_wconf 87' lang='lat' dir='ltr'><strong>terram</strong></span> 
     </span>
     <span class='ocr_line' id='line_1_18' title="bbox 205 2344 1312 2432; baseline -0.006 -19"><span class='ocrx_word' id='word_1_127' title='bbox 205 2348 353 2427; x_wconf 88' lang='lat' dir='ltr'><strong>retinere,</strong></span> <span class='ocrx_word' id='word_1_128' title='bbox 369 2348 433 2411; x_wconf 89' lang='lat' dir='ltr'><strong>nisi</strong></span> <span class='ocrx_word' id='word_1_129' title='bbox 454 2370 556 2431; x_wconf 88' lang='lat' dir='ltr'><strong>usque</strong></span> <span class='ocrx_word' id='word_1_130' title='bbox 576 2348 617 2412; x_wconf 89' lang='lat' dir='ltr'><strong>ad</strong></span> <span class='ocrx_word' id='word_1_131' title='bbox 638 2348 810 2432; x_wconf 90' lang='lat' dir='ltr'><strong>impletum</strong></span> <span class='ocrx_word' id='word_1_132' title='bbox 832 2354 972 2430; x_wconf 90' lang='lat' dir='ltr'><strong>tempus,</strong></span> <span class='ocrx_word' id='word_1_133' title='bbox 988 2345 1073 2431; x_wconf 88' lang='lat' dir='ltr'><strong>quod</strong></span> <span class='ocrx_word' id='word_1_134' title='bbox 1096 2344 1157 2429; x_wconf 90' lang='lat' dir='ltr'><strong>ipsi</strong></span> <span class='ocrx_word' id='word_1_135' title='bbox 1177 2344 1263 2407; x_wconf 86' lang='lat' dir='ltr'><strong>iuter</strong></span> <span class='ocrx_word' id='word_1_136' title='bbox 1278 2364 1312 2406; x_wconf 91' lang='lat' dir='ltr'><strong>se</strong></span> 
     </span>
     <span class='ocr_line' id='line_1_19' title="bbox 206 2453 1269 2536; baseline -0.008 -19"><span class='ocrx_word' id='word_1_137' title='bbox 206 2453 441 2517; x_wconf 86' lang='lat' dir='ltr'><strong>constituerant</strong></span> <span class='ocrx_word' id='word_1_138' title='bbox 448 2478 459 2532; x_wconf 76' lang='lat'>3</span> <span class='ocrx_word' id='word_1_139' title='bbox 483 2460 516 2517; x_wconf 90' lang='lat' dir='ltr'><strong>et</strong></span> <span class='ocrx_word' id='word_1_140' title='bbox 530 2473 691 2536; x_wconf 79' lang='lat' dir='ltr'><strong>nusquam</strong></span> <span class='ocrx_word' id='word_1_141' title='bbox 705 2473 780 2517; x_wconf 93' lang='lat' dir='ltr'><strong>cum</strong></span> <span class='ocrx_word' id='word_1_142' title='bbox 795 2471 834 2515; x_wconf 90' lang='lat' dir='ltr'><strong>ea</strong></span> <span class='ocrx_word' id='word_1_143' title='bbox 847 2460 934 2515; x_wconf 86' lang='lat' dir='ltr'><strong>terra</strong></span> <span class='ocrx_word' id='word_1_144' title='bbox 948 2471 983 2515; x_wconf 88' lang='lat' dir='ltr'><strong>se</strong></span> <span class='ocrx_word' id='word_1_145' title='bbox 997 2457 1120 2514; x_wconf 81' lang='lat' dir='ltr'><strong>vertare</strong></span> <span class='ocrx_word' id='word_1_146' title='bbox 1135 2455 1269 2532; x_wconf 83' lang='lat' dir='ltr'><strong>poterat</strong></span> 
     </span>
    </p>
   </div>
   <div class='ocr_carea' id='block_1_4' title="bbox 434 2913 1081 2975">
    <p class='ocr_par' dir='ltr' id='par_1_4' title="bbox 434 2913 1081 2975">
     <span class='ocr_line' id='line_1_20' title="bbox 434 2913 1081 2975; baseline -0.014 1"><span class='ocrx_word' id='word_1_147' title='bbox 434 2921 531 2975; x_wconf 85' lang='lat' dir='ltr'>KING</span> <span class='ocrx_word' id='word_1_148' title='bbox 549 2915 779 2974; x_wconf 83' lang='lat' dir='ltr'><strong>AETHELRED.</strong></span> <span class='ocrx_word' id='word_1_149' title='bbox 816 2913 947 2970; x_wconf 81' lang='lat' dir='ltr'>DOOOG.</span> <span class='ocrx_word' id='word_1_150' title='bbox 951 2913 1081 2967; x_wconf 88' lang='lat' dir='ltr'>LXXXI.</span> 
     </span>
    </p>
   </div>
   <div class='ocr_carea' id='block_1_5' title="bbox 206 3061 1411 4488">
    <p class='ocr_par' dir='ltr' id='par_1_5' title="bbox 206 3061 1411 4485">
     <span class='ocr_line' id='line_1_21' title="bbox 251 3061 1313 3167; baseline -0.014 -29"><span class='ocrx_word' id='word_1_151' title='bbox 251 3079 291 3167; x_wconf 58' lang='grc' dir='ltr'>ξ</span> <span class='ocrx_word' id='word_1_152' title='bbox 316 3069 545 3137; x_wconf 87' lang='lat' dir='ltr'><strong>Universitatis</strong></span> <span class='ocrx_word' id='word_1_153' title='bbox 563 3066 747 3133; x_wconf 88' lang='lat' dir='ltr'><strong>Creatore</strong></span> <span class='ocrx_word' id='word_1_154' title='bbox 737 3087 773 3130; x_wconf 86' lang='grc' dir='ltr'><strong>ιιι</strong></span> <span class='ocrx_word' id='word_1_155' title='bbox 798 3073 957 3130; x_wconf 70' lang='lat' dir='ltr'><strong>aeternum</strong></span> <span class='ocrx_word' id='word_1_156' title='bbox 983 3069 1149 3146; x_wconf 84' lang='lat' dir='ltr'><strong>regnante,</strong></span> <span class='ocrx_word' id='word_1_157' title='bbox 1166 3081 1203 3124; x_wconf 89' lang='lat' dir='ltr'><strong>ac</strong></span> <span class='ocrx_word' id='word_1_158' title='bbox 1221 3061 1313 3144; x_wconf 83' lang='lat' dir='ltr'><strong>justo</strong></span> 
     </span>
     <span class='ocr_line' id='line_1_22' title="bbox 207 3162 1313 3247; baseline -0.017 -4"><span class='ocrx_word' id='word_1_159' title='bbox 207 3176 424 3242; x_wconf 80' lang='lat' dir='ltr'><strong>moderamine</strong></span> <span class='ocrx_word' id='word_1_160' title='bbox 450 3179 568 3236; x_wconf 87' lang='lat' dir='ltr'><strong>cuncta</strong></span> <span class='ocrx_word' id='word_1_161' title='bbox 589 3177 708 3247; x_wconf 87' lang='lat' dir='ltr'><strong>creata,</strong></span> <span class='ocrx_word' id='word_1_162' title='bbox 732 3167 871 3232; x_wconf 82' lang='lat' dir='ltr'><strong>visibilia</strong></span> <span class='ocrx_word' id='word_1_163' title='bbox 896 3173 929 3230; x_wconf 88' lang='lat' dir='ltr'><strong>et</strong></span> <span class='ocrx_word' id='word_1_164' title='bbox 953 3164 1135 3243; x_wconf 87' lang='lat' dir='ltr'><strong>invisibilia,</strong></span> <span class='ocrx_word' id='word_1_165' title='bbox 1160 3163 1243 3226; x_wconf 89' lang='lat' dir='ltr'><strong>miro</strong></span> <span class='ocrx_word' id='word_1_166' title='bbox 1263 3162 1313 3225; x_wconf 90' lang='lat' dir='ltr'><strong>in-</strong></span> 
     </span>
     <span class='ocr_line' id='line_1_23' title="bbox 206 3264 1315 3364; baseline -0.017 -17"><span class='ocrx_word' id='word_1_167' title='bbox 206 3282 388 3364; x_wconf 78' lang='lat' dir='ltr'><strong>effabilique</strong></span> <span class='ocrx_word' id='word_1_168' title='bbox 401 3277 498 3342; x_wconf 90' lang='lat' dir='ltr'><strong>modo</strong></span> <span class='ocrx_word' id='word_1_169' title='bbox 513 3275 722 3358; x_wconf 85' lang='lat' dir='ltr'><strong>gubernante.</strong></span> <span class='ocrx_word' id='word_1_170' title='bbox 754 3273 827 3354; x_wconf 80' lang='lat' dir='ltr'><strong>Ego</strong></span> <span class='ocrx_word' id='word_1_171' title='bbox 836 3269 1004 3334; x_wconf 87' lang='lat' dir='ltr'><strong>AEthelred</strong></span> <span class='ocrx_word' id='word_1_172' title='bbox 1013 3267 1159 3351; x_wconf 79' lang='lat' dir='ltr'><strong>Anglicae</strong></span> <span class='ocrx_word' id='word_1_173' title='bbox 1172 3264 1315 3330; x_wconf 88' lang='lat' dir='ltr'><strong>nationis</strong></span> 
     </span>
     <span class='ocr_line' id='line_1_24' title="bbox 206 3367 1314 3492; baseline -0.019 -42"><span class='ocrx_word' id='word_1_174' title='bbox 206 3394 458 3466; x_wconf 70' lang='lat' dir='ltr'><strong>caeterarumque</strong></span> <span class='ocrx_word' id='word_1_175' title='bbox 482 3379 630 3492; x_wconf 77' lang='lat' dir='ltr'><strong>gentIum</strong></span> <span class='ocrx_word' id='word_1_176' title='bbox 654 3375 812 3439; x_wconf 80' lang='lat' dir='ltr'><strong>triviatim</strong></span> <span class='ocrx_word' id='word_1_177' title='bbox 838 3374 925 3438; x_wconf 89' lang='lat' dir='ltr'><strong>intra</strong></span> <span class='ocrx_word' id='word_1_178' title='bbox 947 3371 1106 3435; x_wconf 89' lang='lat' dir='ltr'><strong>ambitum</strong></span> <span class='ocrx_word' id='word_1_179' title='bbox 1132 3367 1314 3434; x_wconf 82' lang='lat' dir='ltr'><strong>Britanniae</strong></span> 
     </span>
     <span class='ocr_line' id='line_1_25' title="bbox 207 3471 1314 3569; baseline -0.016 -17"><span class='ocrx_word' id='word_1_180' title='bbox 207 3489 321 3552; x_wconf 82' lang='lat' dir='ltr'><strong>insulae</strong></span> <span class='ocrx_word' id='word_1_181' title='bbox 344 3484 541 3569; x_wconf 84' lang='lat' dir='ltr'><strong>degentium,</strong></span> <span class='ocrx_word' id='word_1_182' title='bbox 563 3481 660 3564; x_wconf 77' lang='lat' dir='ltr'><strong>regiae</strong></span> <span class='ocrx_word' id='word_1_183' title='bbox 683 3477 851 3562; x_wconf 83' lang='lat' dir='ltr'><strong>dignitatis</strong></span> <span class='ocrx_word' id='word_1_184' title='bbox 874 3476 954 3540; x_wconf 92' lang='lat' dir='ltr'><strong>solio</strong></span> <span class='ocrx_word' id='word_1_185' title='bbox 980 3475 1021 3538; x_wconf 88' lang='lat' dir='ltr'><strong>ad</strong></span> <span class='ocrx_word' id='word_1_186' title='bbox 1041 3483 1169 3557; x_wconf 89' lang='lat' dir='ltr'><strong>tempus</strong></span> <span class='ocrx_word' id='word_1_187' title='bbox 1191 3471 1314 3536; x_wconf 86' lang='lat' dir='ltr'><strong>Christi</strong></span> 
     </span>
     <span class='ocr_line' id='line_1_26' title="bbox 207 3575 1315 3672; baseline -0.018 -15"><span class='ocrx_word' id='word_1_188' title='bbox 207 3592 320 3657; x_wconf 92' lang='lat' dir='ltr'><strong>mundi</strong></span> <span class='ocrx_word' id='word_1_189' title='bbox 336 3587 562 3672; x_wconf 80' lang='lat' dir='ltr'><strong>Redemptoris</strong></span> <span class='ocrx_word' id='word_1_190' title='bbox 577 3584 682 3668; x_wconf 84' lang='lat' dir='ltr'><strong>gratia</strong></span> <span class='ocrx_word' id='word_1_191' title='bbox 696 3579 957 3646; x_wconf 77' lang='lat' dir='ltr'><strong>subthronizatus</strong></span> <span class='ocrx_word' id='word_1_192' title='bbox 972 3577 1160 3655; x_wconf 62' lang='lat' dir='ltr'><strong>basilensis</strong></span> <span class='ocrx_word' id='word_1_193' title='bbox 1175 3575 1315 3661; x_wconf 88' lang='lat' dir='ltr'><strong>quodam</strong></span> 
     </span>
     <span class='ocr_line' id='line_1_27' title="bbox 207 3679 1315 3775; baseline -0.019 -14"><span class='ocrx_word' id='word_1_194' title='bbox 207 3696 321 3775; x_wconf 85' lang='lat' dir='ltr'><strong>milite,</strong></span> <span class='ocrx_word' id='word_1_195' title='bbox 347 3691 506 3758; x_wconf 81' lang='lat' dir='ltr'><strong>avunculo</strong></span> <span class='ocrx_word' id='word_1_196' title='bbox 527 3689 677 3754; x_wconf 86' lang='lat' dir='ltr'><strong>videlieet</strong></span> <span class='ocrx_word' id='word_1_197' title='bbox 698 3706 782 3763; x_wconf 89' lang='lat' dir='ltr'><strong>meo,</strong></span> <span class='ocrx_word' id='word_1_198' title='bbox 806 3685 861 3767; x_wconf 91' lang='lat' dir='ltr'><strong>qui</strong></span> <span class='ocrx_word' id='word_1_199' title='bbox 892 3681 1041 3747; x_wconf 71' lang='lat' dir='ltr'><strong>secundae</strong></span> <span class='ocrx_word' id='word_1_200' title='bbox 1063 3679 1315 3764; x_wconf 82' lang='lat' dir='ltr'><strong>regenerationis</strong></span> 
     </span>
     <span class='ocr_line' id='line_1_28' title="bbox 208 3780 1320 3876; baseline -0.019 -11"><span class='ocrx_word' id='word_1_201' title='bbox 208 3809 301 3865; x_wconf 89' lang='lat' dir='ltr'><strong>utero</strong></span> <span class='ocrx_word' id='word_1_202' title='bbox 330 3799 505 3862; x_wconf 84' lang='lat' dir='ltr'><strong>innovante</strong></span> <span class='ocrx_word' id='word_1_203' title='bbox 537 3791 644 3876; x_wconf 84' lang='lat' dir='ltr'><strong>gratia</strong></span> <span class='ocrx_word' id='word_1_204' title='bbox 674 3787 881 3854; x_wconf 82' lang='lat' dir='ltr'><strong>ineffabiliter</strong></span> <span class='ocrx_word' id='word_1_205' title='bbox 910 3785 1027 3864; x_wconf 89' lang='lat' dir='ltr'><strong>editus,</strong></span> <span class='ocrx_word' id='word_1_206' title='bbox 1062 3782 1165 3848; x_wconf 88' lang='lat' dir='ltr'><strong>nobili</strong></span> <span class='ocrx_word' id='word_1_207' title='bbox 1198 3780 1320 3847; x_wconf 86' lang='lat' dir='ltr'><strong>Ordulf</strong></span> 
     </span>
     <span class='ocr_line' id='line_1_29' title="bbox 208 3882 1315 4020; baseline -0.019 -53"><span class='ocrx_word' id='word_1_208' title='bbox 208 3903 349 4020; x_wconf 82' lang='lat' dir='ltr'><strong>pollens.</strong></span> <span class='ocrx_word' id='word_1_209' title='bbox 355 3901 449 3964; x_wconf 88' lang='lat' dir='ltr'><strong>floret</strong></span> <span class='ocrx_word' id='word_1_210' title='bbox 471 3903 632 3973; x_wconf 85' lang='lat' dir='ltr'><strong>onomate,</strong></span> <span class='ocrx_word' id='word_1_211' title='bbox 661 3891 778 3957; x_wconf 90' lang='lat' dir='ltr'><strong>humili</strong></span> <span class='ocrx_word' id='word_1_212' title='bbox 800 3889 969 3954; x_wconf 88' lang='lat' dir='ltr'><strong>devotione</strong></span> <span class='ocrx_word' id='word_1_213' title='bbox 994 3893 1218 3971; x_wconf 88' lang='lat' dir='ltr'><strong>compunctus,</strong></span> <span class='ocrx_word' id='word_1_214' title='bbox 1241 3882 1315 3946; x_wconf 85' lang='lat' dir='ltr'><strong>sub·</strong></span> 
     </span>
     <span class='ocr_line' id='line_1_30' title="bbox 208 3984 1317 4088; baseline -0.019 -17"><span class='ocrx_word' id='word_1_215' title='bbox 208 4007 293 4070; x_wconf 85' lang='lat' dir='ltr'><strong>nixis</strong></span> <span class='ocrx_word' id='word_1_216' title='bbox 307 4005 481 4088; x_wconf 85' lang='lat' dir='ltr'><strong>deposcens</strong></span> <span class='ocrx_word' id='word_1_217' title='bbox 495 3998 645 4085; x_wconf 90' lang='lat' dir='ltr'><strong>precibus</strong></span> <span class='ocrx_word' id='word_1_218' title='bbox 659 3994 835 4078; x_wconf 77' lang='lat' dir='ltr'><strong>efflagitare</strong></span> <span class='ocrx_word' id='word_1_219' title='bbox 855 3993 962 4057; x_wconf 90' lang='lat' dir='ltr'><strong>Deum</strong></span> <span class='ocrx_word' id='word_1_220' title='bbox 980 3996 1193 4073; x_wconf 89' lang='lat' dir='ltr'><strong>compunctus</strong></span> <span class='ocrx_word' id='word_1_221' title='bbox 1213 3984 1317 4068; x_wconf 83' lang='lat' dir='ltr'><strong>gratia</strong></span> 
     </span>
     <span class='ocr_line' id='line_1_31' title="bbox 206 4088 1316 4190; baseline -0.02 -16"><span class='ocrx_word' id='word_1_222' title='bbox 206 4109 374 4174; x_wconf 86' lang='lat' dir='ltr'><strong>benivolus</strong></span> <span class='ocrx_word' id='word_1_223' title='bbox 399 4110 539 4190; x_wconf 86' lang='lat' dir='ltr'><strong>ceperat,</strong></span> <span class='ocrx_word' id='word_1_224' title='bbox 561 4108 600 4165; x_wconf 90' lang='lat' dir='ltr'><strong>ut</strong></span> <span class='ocrx_word' id='word_1_225' title='bbox 626 4098 828 4164; x_wconf 89' lang='lat' dir='ltr'><strong>arcisterium</strong></span> <span class='ocrx_word' id='word_1_226' title='bbox 851 4095 905 4160; x_wconf 89' lang='lat' dir='ltr'><strong>cui</strong></span> <span class='ocrx_word' id='word_1_227' title='bbox 926 4093 1070 4158; x_wconf 88' lang='lat' dir='ltr'><strong>notabile</strong></span> <span class='ocrx_word' id='word_1_228' title='bbox 1092 4099 1125 4154; x_wconf 90' lang='lat' dir='ltr'><strong>at</strong></span> <span class='ocrx_word' id='word_1_229' title='bbox 1148 4088 1316 4155; x_wconf 77' lang='lat' dir='ltr'><strong>Tavistooe</strong></span> 
     </span>
     <span class='ocr_line' id='line_1_32' title="bbox 208 4189 1411 4296; baseline -0.02 -20"><span class='ocrx_word' id='word_1_230' title='bbox 208 4213 311 4296; x_wconf 79' lang='lat' dir='ltr'><strong>fulget</strong></span> <span class='ocrx_word' id='word_1_231' title='bbox 339 4209 543 4286; x_wconf 84' lang='lat' dir='ltr'><strong>vocabulum,</strong></span> <span class='ocrx_word' id='word_1_232' title='bbox 568 4204 626 4270; x_wconf 92' lang='lat' dir='ltr'><strong>ubi</strong></span> <span class='ocrx_word' id='word_1_233' title='bbox 654 4210 760 4266; x_wconf 86' lang='lat' dir='ltr'><strong>mater</strong></span> <span class='ocrx_word' id='word_1_234' title='bbox 784 4201 855 4284; x_wconf 88' lang='lat' dir='ltr'><strong>ejus</strong></span> <span class='ocrx_word' id='word_1_235' title='bbox 884 4199 1058 4281; x_wconf 87' lang='lat' dir='ltr'><strong>fraterque,</strong></span> <span class='ocrx_word' id='word_1_236' title='bbox 1084 4215 1143 4259; x_wconf 84' lang='lat' dir='ltr'><strong>ava</strong></span> <span class='ocrx_word' id='word_1_237' title='bbox 1168 4189 1317 4256; x_wconf 88' lang='lat' dir='ltr'><strong>videlieet</strong></span> <span class='ocrx_word' id='word_1_238' title='bbox 1407 4222 1411 4233; x_wconf 50' lang='grc' dir='ltr'>ι</span> 
     </span>
     <span class='ocr_line' id='line_1_33' title="bbox 209 4293 1318 4389; baseline -0.021 -11"><span class='ocrx_word' id='word_1_239' title='bbox 209 4337 281 4379; x_wconf 87' lang='lat' dir='ltr'><strong>mea</strong></span> <span class='ocrx_word' id='word_1_240' title='bbox 305 4323 339 4380; x_wconf 92' lang='lat' dir='ltr'><strong>et</strong></span> <span class='ocrx_word' id='word_1_241' title='bbox 368 4312 556 4388; x_wconf 77' lang='lat' dir='ltr'><strong>avvmoulus,</strong></span> <span class='ocrx_word' id='word_1_242' title='bbox 582 4307 754 4389; x_wconf 68' lang='lat' dir='ltr'><strong>caeterique</strong></span> <span class='ocrx_word' id='word_1_243' title='bbox 779 4311 900 4368; x_wconf 84' lang='lat' dir='ltr'><strong>nostrae</strong></span> <span class='ocrx_word' id='word_1_244' title='bbox 928 4297 1126 4385; x_wconf 84' lang='lat' dir='ltr'><strong>posteritatis</strong></span> <span class='ocrx_word' id='word_1_245' title='bbox 1155 4293 1318 4379; x_wconf 84' lang='lat' dir='ltr'><strong>prosapies</strong></span> 
     </span>
     <span class='ocr_line' id='line_1_34' title="bbox 209 4396 1317 4488; baseline -0.023 -4"><span class='ocrx_word' id='word_1_246' title='bbox 209 4417 380 4485; x_wconf 85' lang='lat' dir='ltr'><strong>mausoleis</strong></span> <span class='ocrx_word' id='word_1_247' title='bbox 408 4423 532 4480; x_wconf 86' lang='lat' dir='ltr'><strong>somate</strong></span> <span class='ocrx_word' id='word_1_248' title='bbox 562 4411 726 4488; x_wconf 85' lang='lat' dir='ltr'><strong>tumulati,</strong></span> <span class='ocrx_word' id='word_1_249' title='bbox 749 4409 830 4472; x_wconf 87' lang='lat' dir='ltr'><strong>tuba</strong></span> <span class='ocrx_word' id='word_1_250' title='bbox 854 4405 911 4488; x_wconf 83' lang='lat' dir='ltr'><strong>huj</strong></span> <span class='ocrx_word' id='word_1_251' title='bbox 914 4427 952 4468; x_wconf 92' lang='lat' dir='ltr'><strong>us</strong></span> <span class='ocrx_word' id='word_1_252' title='bbox 979 4401 1106 4467; x_wconf 77' lang='lat' dir='ltr'><strong>caducae</strong></span> <span class='ocrx_word' id='word_1_253' title='bbox 1129 4400 1203 4463; x_wconf 84' lang='lat' dir='ltr'><strong>vitae</strong></span> <span class='ocrx_word' id='word_1_254' title='bbox 1229 4396 1317 4462; x_wconf 87' lang='lat' dir='ltr'><strong>clan-</strong></span> 
     </span>
    </p>
   </div>
   <div class='ocr_carea' id='block_1_6' title="bbox 0 0 1629 5125">
    <p class='ocr_par' dir='ltr' id='par_1_6' title="bbox 0 0 1629 5125">
     <span class='ocr_line' id='line_1_35' title="bbox 0 0 1629 5125; baseline 0 0"><span class='ocrx_word' id='word_1_255' title='bbox 0 0 1629 5125; x_wconf 95' lang='lat' dir='ltr'><strong> </strong></span> 
     </span>
    </p>
   </div>
  </div>
 </body>
</html>
