3234 5125
321 466 356 519 84
596 460 917 518 MlSCELLANEOUS
936 458 1150 517 cuduinus,

322 635 498 720 parietibus
512 633 780 721 suspendendum.
813 633 922 698 Offero
936 633 1036 698 etism
1047 633 1253 698 refectorario
1267 632 1347 698 dicti
1360 655 1430 698 mo-

320 739 463 818 nasterii,
478 738 519 802 ad
540 760 636 801 usum
655 736 854 821 proesidentis
874 736 1018 820 quotidie
1037 737 1073 800 in
1091 736 1272 816 refectorio,
1289 736 1430 822 cyphum

321 862 431 906 meum
451 840 651 919 deauratum,
672 847 705 906 et
727 847 905 924 pestutum
926 847 1053 922 partem
1074 839 1266 904 exteriorem
1283 839 1430 904 barbaris

320 943 510 1007 victoribus¹
536 942 576 1006 ad
600 942 754 1006 dracones
783 941 1003 1026 pugnantibus
1025 942 1176 1022 celatum,
1203 965 1299 1026 quem
1327 942 1429 1006 cruci-

321 1045 432 1110 bolum
462 1066 571 1109 meum
600 1044 714 1108 solitus
740 1067 813 1109 sum
838 1065 963 1124 vocare,
990 1044 1065 1128 qnia
1087 1045 1218 1130 signum
1244 1045 1349 1110 crucis
1372 1066 1430 1128 per

320 1149 536 1213 transversum
555 1147 641 1230 ciphi
660 1145 859 1230 imprimitur
879 1147 1027 1226 interius,
1048 1167 1123 1210 eum
1143 1155 1283 1231 quatuor
1302 1147 1430 1230 augulis

321 1251 419 1314 simili
433 1249 641 1334 impressione
655 1249 959 1333 protuberantibus,
982 1256 1017 1313 et
1037 1270 1138 1314 cornu
1152 1271 1233 1314 meua
1247 1271 1376 1328 mensae,
1391 1258 1430 1313 ut

321 1376 412 1418 senes
430 1354 618 1418 monasterii
639 1353 753 1416 bibant
774 1351 851 1416 inde
868 1353 903 1415 in
925 1352 1017 1416 festis
1041 1361 1236 1432 sanctorum,
1257 1353 1344 1416 etin
1362 1353 1429 1416 suis

321 1455 598 1522 benedictionibus
615 1456 824 1520 meminerint
846 1454 1018 1539 aliquando
1036 1455 1153 1521 animae
1170 1455 1307 1522 Witlalii
1329 1455 1428 1520 dona-

322 1561 410 1624 toris.

367 1663 531 1727 Confirmo
560 1662 659 1727 etiam
683 1661 771 1726 dieto
800 1662 996 1727 monasterio
1021 1684 1132 1727 omnes
1156 1669 1262 1726 terras
1283 1671 1317 1727 et
1338 1670 1429 1727 tene·

322 1779 443 1844 menta,
460 1766 683 1852 possessiones,
699 1773 733 1830 et
752 1785 863 1829 earmn
881 1766 1015 1849 peculia,
1032 1777 1066 1830 et
1082 1765 1191 1830 omnia
1210 1765 1273 1830 alia
1286 1765 1429 1845 donaria,

323 1891 395 1954 quae
409 1869 656 1953 praedecessores
670 1868 745 1946 mei,
760 1889 853 1952 reges
867 1869 1077 1947 Merciorum,
1093 1877 1127 1934 et
1141 1888 1254 1933 eorum
1271 1873 1440 1952 proceres,-

323 1972 373 2040 vel
395 1973 451 2037 alii
472 1971 583 2036 fideles
603 1971 789 2050 Christiani,
815 1971 881 2035 sive
899 1971 1006 2050 Judei,
1030 1971 1128 2037 dictis
1147 1972 1314 2036 monachis
1334 1971 1429 2037 dede·

323 2085 410 2156 runt,
426 2075 650 2153 vendiderunt,
665 2075 716 2138 vel
731 2073 984 2154 invadiaverunt,
1002 2084 1059 2139 aut
1076 2077 1184 2160 aliquo
1204 2076 1268 2140 alio
1285 2075 1381 2139 modo
1396 2075 1431 2138 in

323 2186 510 2264 perpetuam
531 2178 764 2261 possessionem
792 2177 1014 2258 tradideruut3
1039 2187 1074 2243 et
1103 2178 1284 2263 specialiter
1306 2177 1429 2242 donum

323 2281 476 2346 'l'horoldi
491 2279 651 2365 quondam
666 2279 862 2345 vicecomitis
877 2280 1055 2345 Lincolnire
1075 2281 1110 2344 in
1128 2281 1327 2361 Bolsenhale,
1342 2280 1430 2346 vide-

322 2385 408 2464 licet,
420 2385 500 2449 duas
522 2391 686 2448 carucatas
703 2390 798 2448 terrie
820 2391 855 2448 ct
876 2383 1053 2462 dimidiam,
1073 2391 1107 2449 et
1127 2383 1243 2468 viginti
1266 2405 1322 2448 ser
1340 2405 1430 2448 acras

322 2489 417 2573 prati,
427 2495 461 2552 et
477 2485 710 2572 quinquaginta
725 2507 815 2550 acras
830 2487 937 2572 sylvae,
952 2486 1000 2572 [et
1011 2507 1083 2550 ω.
1094 2486 1221 2572 acras]²
1234 2486 1273 2550 de
1282 2486 1429 2552 Bmshae.

323 2593 409 2655 Item
427 2591 547 2655 donum
563 2588 702 2673 Geolphi
717 2589 775 2653 lilii
789 2589 894 2654 Multo
912 2589 947 2653 in
969 2589 1162 2673 Halington,
1178 2589 1335 2669 videlieet,
1352 2611 1435 2675 quas

218 2748 221 2755 .
321 2701 397 2758 tuor
413 2694 544 2759 bovatas
558 2700 654 2757 terrie
671 2692 711 2757 de
730 2691 894 2771 iunlandl,
910 2700 945 2756 et
958 2691 1070 2757 decem
1084 2693 1216 2758 bovatas
1235 2692 1270 2756 in
1287 2694 1429 2772 servitio,

322 2806 355 2861 et
363 2796 499 2881 triginta
509 2794 648 2880 quatuor
657 2816 747 2860 acras
757 2796 842 2880 prati
850 2795 886 2859 in
895 2796 1092 2881 Gemthorp.
1126 2796 1212 2861 Item
1222 2795 1430 2862 donumFre·

203 2934 207 2943 ·
322 2900 398 2985 gisti
412 2900 537 2979 militis,
552 2899 710 2977 videlicet,
727 2906 830 2963 totam
845 2898 955 2962 villam
970 2897 1009 2963 de
1024 2898 1191 2983 Langtost,
1207 2908 1242 2964 et
1257 2899 1293 2963 in
1308 2900 1430 2984 campis

322 3004 467 3088 ejusdem
482 3004 565 3069 villae
580 3023 635 3066 sex
655 3008 821 3065 carucatas
839 3009 934 3067 terrae
951 3002 1091 3081 arabilis,
1106 3001 1262 3068 habentes
1275 3004 1312 3066 in
1325 3004 1429 3088 longi-

323 3101 436 3166 tndine
453 3122 504 3165 xv.
525 3108 748 3184 quarentenas,
768 3108 801 3164 et
820 3121 864 3164 rx.
886 3108 1101 3185 quarentenas
1124 3102 1160 3165 in
1181 3096 1372 3183 latitudine,
1396 3112 1431 3168 et
1479 3122 1484 3131 ·

323 3212 455 3268 centum
474 3224 563 3268 acras
581 3202 676 3286 prati,
692 3209 725 3266 et
740 3202 853 3266 silvam
872 3210 906 3267 et
923 3204 1097 3269 mariscum
1112 3204 1249 3269 duarum
1263 3206 1430 3270 leucarum

324 3306 358 3370 in
373 3305 584 3390 longitudine,
600 3313 633 3370 et
648 3304 785 3369 duamrn
801 3305 966 3370 leucarum
983 3308 1019 3371 in
1038 3308 1221 3373 latitudine.
1266 3309 1311 3373 Et
1328 3308 1430 3373 eccle·

324 3409 404 3473 siam
419 3408 562 3493 ejusdem
577 3407 670 3487 villae,
685 3414 719 3473 et
734 3428 786 3471 xa.
803 3429 892 3473 acras
909 3409 949 3474 de
967 3410 1079 3475 eodem
1094 3411 1187 3476 feodo
1207 3411 1243 3475 in
1261 3433 1374 3497 campo
1389 3412 1430 3477 dc

325 3512 472 3597 Depyng.
518 3512 604 3576 Item
624 3510 745 3576 donum
765 3510 878 3595 Algari
898 3512 1022 3591 militis,
1044 3512 1167 3579 scilicet
1186 3514 1374 3597 Northlang
1394 3515 1430 3577 in

325 3615 459 3693 Baeton,
484 3613 642 3692 videlieet,
673 3621 811 3697 quatuor
840 3620 1005 3679 carucatas
1035 3624 1131 3681 terrae
1159 3616 1301 3696 arabilis,
1325 3616 1430 3681 conti·

324 3724 437 3782 nentes
459 3716 493 3780 in
512 3716 715 3800 longitudine
732 3724 805 3781 octo
825 3726 1047 3800 quarentenas,
1069 3725 1102 3781 et
1119 3739 1195 3783 v111.
1216 3726 1430 3802 qnarenteuss

324 3820 359 3883 in
380 3818 561 3897 latitudine,
577 3826 610 3882 et
632 3839 703 3882 xnv.
725 3840 815 3883 aeras
836 3820 931 3903 prati,
951 3828 985 3884 et
1006 3820 1181 3886 mariscum
1203 3821 1372 3887 continens
1393 3822 1430 3886 in

324 3922 526 4008 longitudine
555 3921 721 3986 sexdecem
751 3931 974 4005 quarentenas,
998 3932 1033 3988 et
1054 3945 1128 3987 v111.
1152 3932 1366 4008 quarentenas
1394 3926 1430 3990 in

324 4026 505 4103 latitudine,
521 4034 555 4089 et
574 4024 740 4089 ecclesiam
754 4025 899 4109 ejusdem
913 4026 1008 4106 villae,
1024 4034 1057 4091 et
1074 4049 1176 4091 unum
1197 4026 1429 4106 molendinum,

251 4182 257 4189 .
324 4139 357 4194 et
370 4127 540 4193 dimidium
556 4124 688 4191 alterius
708 4126 897 4205 molendini,
912 4136 1061 4192 ettotam
1077 4128 1246 4213 piscariam
1261 4129 1296 4192 in
1311 4151 1395 4213 aqua
1409 4152 1429 4193 a

325 4231 508 4297 molendino
531 4251 639 4294 versus
661 4229 808 4293 occidens
830 4252 931 4313 usqne
953 4232 993 4296 ad
1015 4234 1112 4296 finem
1135 4232 1263 4297 marisci
1285 4233 1430 4317 ejusdem

351 4358 356 4380 ³
397 4360 710 4436 ¹vinit0ribua1n9ulf
1080 4366 1284 4437 ²Wantingin
1296 4366 1356 4421 us.

394 4456 404 4485 ³
422 4452 482 4507 MS.
496 4449 612 4517 Luland,
625 4450 728 4521 lapids,
740 4450 846 4507 Iuland.
