3234 5125
511 452 838 511 MISOELLANEOUS
856 456 1069 510 CHARTERS.
1292 453 1343 507 311

240 622 391 688 seductus
406 626 557 706 amentia,
574 627 660 711 quod
673 648 739 695 non
755 635 914 711 optamus,
930 627 1014 691 henc
1034 636 1155 691 nostrae
1169 627 1345 710 elimosyne

240 724 457 808 dapsilitatem
486 750 568 793 ausu
596 730 767 794 temerario
796 729 971 813 infringere
999 730 1182 808 tentaverit,
1206 728 1249 792 sit
1277 727 1346 810 ipse

240 828 397 893 alienatus
423 852 442 893 a
459 832 621 897 consortio
643 841 763 897 sanctae
785 832 849 897 Dei
867 832 1009 911 ecclesie,
1028 853 1155 896 necnon
1176 829 1345 915 80881181-

171 960 175 967 ·
241 933 371 1015 petione
393 937 587 999 sacrosancti
612 936 755 1019 corporis
779 944 813 1001 et
833 936 999 1019 sanguinis
1017 936 1121 999 Jhesu
1144 933 1266 1000 Christi
1287 931 1347 995 filii

205 1072 207 1079 ·
242 1035 315 1114 Dei,
324 1056 381 1120 per
392 1059 488 1120 quem
498 1046 587 1103 totus
600 1048 760 1104 terrarum
775 1039 862 1104 orbis
877 1040 917 1104 ab
933 1041 1066 1123 antiquo
1076 1038 1211 1103 humani
1222 1034 1348 1120 generis

241 1138 374 1203 inimico
393 1139 547 1205 liberatus
564 1150 623 1222 est,
642 1150 675 1206 et
697 1163 773 1206 cum
792 1142 881 1206 Juds
895 1143 1017 1206 Christi
1034 1142 1197 1226 proditore
1216 1138 1347 1203 sinistra

241 1241 276 1303 in
295 1250 386 1326 parte
405 1242 589 1328 deputatus,
604 1245 667 1309 nisi
689 1246 777 1329 prius
793 1246 849 1308 hic
866 1244 965 1328 digus
981 1244 1199 1309 satisfactione
1215 1240 1347 1305 humilis

242 1345 429 1428 poenituerit
443 1347 530 1431 quod
545 1355 658 1412 contre
677 1356 822 1412 sanctam
839 1344 903 1412 Dei
923 1344 1097 1412 aecclesiam
1111 1344 1238 1411 rebellis
1253 1362 1347 1427 egere

243 1451 456 1533 praesumpsit,
472 1472 532 1515 nec
550 1450 585 1514 in
602 1450 669 1514 vita
685 1449 746 1514 hac
763 1451 905 1533 practica
918 1450 1055 1528 veniam,
1074 1469 1133 1512 nec
1151 1447 1187 1510 in
1204 1444 1348 1510 theorica

242 1551 384 1633 requiem
408 1559 555 1636 apostata
583 1552 728 1617 obtineat
756 1552 870 1631 ullam,
894 1552 950 1616 sed
974 1552 1104 1616 [eternis
1127 1549 1271 1614 barathri
1296 1548 1346 1610 in-

243 1654 364 1718 cendiis
388 1662 506 1735 trusus,
527 1656 650 1741 jugiter
675 1656 874 1721 miserrimus
897 1656 1065 1720 crucietur.
1110 1656 1209 1718 Anno
1233 1651 1347 1716 Domi-

242 1756 313 1820 nice
342 1756 574 1823 incarnationis
604 1768 730 1837 u⁰x1x⁰,
757 1758 942 1822 Indictione
974 1756 1125 1836 secunda,
1150 1755 1269 1839 scripta
1297 1762 1348 1817 est

243 1860 338 1944 hujus
361 1860 585 1926 munificencia
612 1860 794 1945 singrapha,
819 1860 882 1924 hiis
906 1860 1043 1924 testibus
1069 1855 1347 1925 consencientibus

243 1983 380 2045 quorum
394 1963 528 2028 inferius
542 1964 685 2042 nomina,
696 1963 873 2027 secundum
888 1963 1141 2048 uniuscujusque
1155 1960 1347 2043 dignitatem

242 2065 410 2148 utriusque
439 2066 561 2130 ordinis
589 2066 779 2145 decusatim,
810 2064 954 2132 Domino
983 2066 1182 2150 disponente,
1213 2061 1348 2128 carraci-

243 2174 349 2230 autur.

286 2270 357 2353 Ego
377 2270 497 2349 Cuhut,
516 2270 687 2336 Britannie
705 2272 887 2356 Anglorum
904 2271 1105 2350 monarchus,
1125 2270 1187 2334 hoc
1206 2276 1349 2333 taumate

244 2371 364 2435 donum
387 2374 458 2457 agie
484 2374 588 2439 crucis
611 2375 768 2439 roboravi.
815 2378 887 2459 Ego
909 2374 1073 2461 Lyuingh,
1097 2373 1350 2438 Dorovemensis

244 2475 374 2541 basilice
398 2476 528 2561 primes,
552 2478 628 2542 huic
656 2478 756 2563 regali
786 2477 872 2542 dono
902 2498 1067 2542 assensum
1091 2476 1224 2562 praebui.
1278 2476 1349 2559 Ego

244 2580 384 2659 Wlstan,
408 2581 620 2646 Eborecensis
643 2582 793 2646 cathedre
817 2580 1059 2666 archipontifex,
1086 2581 1216 2663 signnm
1239 2588 1350 2644 sancte

245 2683 347 2747 crucis
364 2683 449 2747 letus
468 2684 625 2768 impressi.
671 2685 743 2767 Ego
759 2683 896 2767 AElfsige
911 2684 1077 2768 episcopus
1099 2683 1231 2766 praebui.
1277 2684 1349 2766 Ego

245 2787 410 2872 Godwyne
439 2787 603 2871 episcopus
627 2787 783 2851 consensi.
838 2787 910 2869 Ego
933 2785 1084 2849 AElfwine
1106 2785 1272 2870 episcopus
1294 2784 1349 2847 ad·

244 2889 359 2972 quievi.
418 2890 490 2973 Ego
519 2890 668 2974 Leofsige
698 2889 866 2972 episcopus
895 2887 1005 2952 annui.
1060 2887 1132 2970 Ego
1161 2885 1354 2951 Brichtwolf

244 2991 410 3075 episcopus
432 2993 524 3077 jussi.
579 2995 650 3076 Ego
679 2990 849 3056 AEttelt'red
878 2990 1045 3075 episcopus
1069 2989 1225 3054 roboravi.
1279 2991 1350 3073 Ego

246 3094 425 3159 AEcelwine
451 3095 617 3179 episcopus
642 3094 774 3179 praebui.
825 3094 896 3177 Ego
919 3093 1058 3157 Eednoh
1083 3094 1249 3176 episcopus
1274 3092 1350 3156 sub-

244 3196 366 3279 scripsi.
425 3198 496 3280 Ego
526 3197 701 3262 Brihtwolt
725 3197 893 3282 episcopus
922 3197 1079 3280 impressi.
1135 3198 1207 3280 Ego
1235 3198 1350 3262 Dorcil

245 3298 320 3363 dux.
366 3301 437 3383 Ego
456 3301 574 3364 Hecun
594 3300 669 3364 dux.
714 3301 786 3382 Ego
811 3300 979 3364 Leouuine
997 3300 1072 3364 dux.
1116 3301 1187 3384 Ego
1206 3301 1350 3364 Hulsdan

246 3401 320 3465 dux.
374 3404 446 3486 Ego
465 3403 542 3466 Yric
560 3402 635 3468 dux.
681 3404 753 3485 Ego
773 3402 926 3466 AEdelred
944 3402 1018 3466 dux.
1073 3404 1144 3485 Ego
1167 3404 1259 3467 Eilaf
1273 3404 1349 3468 dux.

246 3505 317 3587 Ego
343 3504 499 3569 Godwiue
524 3504 598 3568 dux.
653 3506 723 3588 Ego
755 3506 881 3568 Herem
902 3504 976 3568 dux.
1030 3507 1101 3588 Ego
1127 3506 1253 3590 Syhrod
1276 3507 1350 3570 dux.

245 3607 316 3689 Ego
346 3607 493 3690 Brihtrig
521 3607 630 3672 abbas.
685 3608 756 3691 Ego
785 3607 923 3691 AElfsige
948 3607 1056 3672 abbas.
1113 3610 1183 3692 Ego
1209 3609 1352 3675 AElfstau

245 3711 353 3776 abbas.
412 3712 484 3794 Ego
513 3711 662 3775 AElfhere
693 3710 801 3775 abbas.
860 3711 931 3794 Ego
961 3711 1088 3775 Leofric
1118 3711 1225 3776 abbas.
1280 3713 1351 3796 Ego

246 3813 425 3878 AEttelwold
440 3813 549 3878 abbas.
587 3813 658 3897 Ego
668 3814 852 3878 Germanus
867 3813 974 3878 abbas.
1015 3815 1087 3898 Ego
1096 3815 1228 3879 AEcefic
1242 3816 1349 3880 abhas.

246 3918 318 3998 Ego
333 3917 408 3979 Aua
422 3916 530 3980 abbas.
576 3918 647 4000 Ego
662 3917 843 3980 AE’cetwine
863 3916 971 3980 abbas.
1016 3918 1088 4000 Ego
1103 3917 1226 3980 Luxihs
1242 3917 1350 3982 abbas.

247 4020 318 4102 Ego
333 4019 468 4084 AElfnoe
487 4019 594 4084 abbas.
649 4021 721 4102 Ego
736 4019 855 4082 minos
874 4018 982 4083 abbas.
1035 4020 1107 4103 Ego
1121 4019 1272 4083 AElfwine
1290 4021 1351 4084 mi·

245 4122 357 4186 nister.
405 4122 476 4205 Ego
501 4122 631 4185 Haldau
655 4122 812 4186 minister.
861 4123 933 4205 Ego
952 4123 1059 4185 Swesa
1075 4121 1233 4186 minister.
1282 4125 1353 4207 Ego

247 4224 376 4289 Leofric
398 4224 555 4288 minister.
616 4225 688 4308 Ego
712 4225 840 4309 AElfgar
862 4225 1022 4289 minister.
1079 4227 1151 4307 Ego
1177 4225 1269 4290 Odde
1293 4229 1354 4291 mi-

246 4329 357 4391 nister.
404 4329 475 4410 Ego
490 4327 622 4410 AElfwig
636 4325 794 4391 minister.
840 4328 911 4410 Ego
926 4327 1058 4409 Eadwig
1073 4327 1230 4391 minister.
1282 4331 1354 4414 Ego

248 4431 364 4495 Osferd
388 4430 542 4494 minister.
597 4431 668 4512 Ego
687 4429 836 4513 Leofsige
854 4429 1010 4493 minister.
1064 4430 1352 4513 1130118181ϋωί-
