3234 5125
471 459 791 516 MISCELLANEOUS
811 459 1027 516 OHARTERS.
1267 465 1302 515 88

191 629 227 692 in
250 628 342 712 cujus
372 629 443 714 ripa
471 629 577 714 posita
605 639 654 694 est
683 652 762 695 crux
791 630 927 715 lapidea,
953 630 1076 696 distans
1107 652 1127 694 a
1155 631 1298 695 Naman-

191 731 362 798 landhirne
379 755 438 817 per
451 733 595 818 quinque
609 733 791 818 perticatas,
807 741 842 797 et
861 755 881 797 a
899 733 1042 798 Seuthee
1056 754 1113 817 per
1131 755 1186 798 sex
1200 733 1298 818 perti·

191 841 290 912 estas,
306 832 364 899 ubi
387 833 530 900 Southce
548 834 650 899 intrat
672 834 706 898 in
729 857 847 920 aquam
869 835 910 898 de
931 834 1027 899 Neue
1044 855 1116 917 quae
1136 834 1239 900 currit
1257 834 1298 898 ad

191 941 323 1018 pontem
349 935 389 1001 de
413 937 594 1021 Croyland:
627 937 683 1002 sed
713 945 808 1004 metoe
837 937 1046 1021 fugitivorum
1071 938 1107 1001 in
1130 938 1186 1002 illa
1206 945 1298 1022 parte

190 1037 376 1122 diriguntur
393 1039 428 1103 in
449 1040 623 1104 mariscum
645 1041 844 1106 occidentale
864 1062 922 1124 per
938 1040 1049 1106 Einfet
1074 1049 1188 1106 contra
1209 1041 1296 1106 affri-

191 1161 275 1221 eum,
298 1149 332 1206 et
352 1143 399 1207 sic
416 1163 519 1227 usquc
541 1143 582 1208 ad
604 1143 881 1227 Folwardstalring
898 1151 1011 1209 eontra
1032 1144 1177 1223 chorum,
1195 1151 1229 1210 et
1251 1143 1297 1208 sic

190 1241 375 1308 divertendo
399 1243 440 1308 ad
464 1245 604 1324 boream,
630 1243 686 1310 ubi
714 1245 893 1310 Southlake
920 1245 1022 1309 intrat
1050 1245 1085 1308 in
1114 1267 1231 1330 aquam
1256 1245 1297 1310 de

190 1345 328 1410 Welsnd
346 1367 385 1411 ex
405 1346 553 1431 opposito
572 1347 706 1432 lapideae
726 1347 839 1427 crucis,
859 1369 932 1432 quis
950 1356 1016 1412 stat
1033 1347 1068 1412 in
1086 1349 1208 1414 boreali
1225 1343 1297 1433 ripn

189 1444 283 1510 dicte
307 1469 399 1531 squae
420 1447 460 1513 de
481 1449 634 1529 Weland,
658 1449 783 1515 distans
805 1450 846 1515 ab
868 1451 938 1534 ipsa
960 1471 1044 1535 aqua
1071 1472 1128 1535 per
1151 1451 1294 1535 quinque

188 1549 294 1632 pedes,
315 1571 387 1634 quae
409 1552 510 1616 currit
532 1552 608 1617 inde
630 1553 671 1617 sd
689 1553 881 1638 praedictum
902 1560 1033 1637 pontem
1054 1553 1094 1617 de
1112 1552 1292 1638 Croyland:

190 1650 245 1715 sed
266 1660 363 1718 metue
379 1653 588 1736 fugitivorum
603 1655 644 1719 ab
666 1655 722 1720 illa
745 1677 840 1720 cruce
858 1655 1043 1739 diriguntur
1063 1655 1099 1718 in
1120 1654 1293 1720 mariscum

188 1753 316 1820 boreale
340 1755 460 1822 directe
489 1779 592 1841 usque
613 1758 652 1823 sd
678 1760 799 1843 Oggot,
825 1759 881 1841 qui
902 1765 952 1824 est
974 1757 1111 1841 angulus
1134 1766 1294 1823 metarum

188 1865 301 1922 eontra
314 1857 489 1938 favonium,
506 1869 539 1925 et
559 1861 605 1926 sio
623 1861 788 1927 redeundo
801 1882 912 1926 versus
931 1862 1089 1927 orientem
1103 1883 1160 1946 per
1173 1861 1293 1927 Wode·

189 1959 261 2026 lade
286 1983 389 2046 usque
418 1963 459 2027 ad
484 1963 653 2048 Apinholt‚
678 1972 711 2029 ct
737 1964 783 2028 ibi
807 1963 1010 2029 ascendendo
1035 1985 1093 2048 per
1114 1986 1231 2049 aquam
1255 1965 1294 2029 de

188 2063 336 2144 Weland,
352 2085 424 2148 quae
443 2073 494 2130 est
508 2074 624 2150 quarta
638 2089 722 2151 aqua
739 2067 892 2132 claudens
909 2067 1050 2132 insulam
1069 2067 1105 2131 in
1121 2068 1179 2132 illa
1192 2076 1293 2152 parte,

187 2167 272 2232 sicut
287 2168 384 2232 tertia
401 2190 485 2252 aqua
499 2169 539 2233 de
554 2169 648 2236 Nene
666 2170 788 2236 claudit
812 2191 884 2235 eam
903 2191 942 2235 ex
959 2171 1061 2235 altera
1077 2179 1168 2254 perte
1184 2171 1293 2256 pontis

187 2268 227 2334 de
253 2270 425 2356 croyland,
451 2293 553 2356 usque
579 2272 620 2336 sd
644 2274 805 2338 Seuerum
829 2272 871 2338 de
893 2273 1068 2353 Asendiolr,
1091 2273 1235 2340 cadentis
1259 2275 1295 2338 in

188 2373 338 2453 Welsnd,
358 2372 416 2439 ubi
435 2382 524 2439 stans
542 2375 644 2440 fracta
657 2397 736 2440 crux
750 2375 877 2460 lapides
891 2375 989 2440 distat
1006 2375 1047 2441 ab
1064 2377 1135 2460 ipsa
1152 2398 1235 2460 aqua
1254 2376 1295 2441 de

188 2477 351 2546 Asendiek
381 2478 452 2563 [per
473 2486 540 2543 tres
561 2479 733 2563 perticatas
756 2480 792 2542 in
814 2480 885 2566 ejus
902 2479 973 2564 ripa
991 2479 1125 2544 australi
1135 2506 1145 2558 3
1176 2487 1209 2544 et
1227 2480 1296 2565 ipsa

189 2603 272 2665 aqua
289 2582 329 2646 de
343 2582 513 2668 Ascndyk]
527 2582 535 2623 ¹
553 2590 603 2647 est
618 2584 734 2667 quinta
748 2605 833 2667 aqua
852 2583 1005 2648 claudens
1027 2582 1068 2646 ab
1082 2583 1139 2647 illo
1153 2583 1225 2649 loco
1245 2584 1294 2648 in·

188 2684 292 2750 sulam
306 2685 493 2770 praedictam
511 2694 625 2751 eontra
643 2686 829 2771 aquilonem
848 2707 952 2769 usque
971 2685 1012 2749 ad
1031 2686 1211 2751 Aswictost.
1258 2688 1295 2751 Si

186 2796 278 2854 extra
303 2790 382 2853 istas
404 2790 547 2874 quinquo
570 2812 668 2874 aquas
690 2798 723 2855 et
745 2797 849 2855 metas
871 2788 1121 2873 praenominatas
1138 2788 1294 2873 fugitivus

186 2892 337 2957 inventus
362 2892 471 2971 fuerit,
494 2901 648 2977 tauquam
680 2894 788 2959 Semei
818 2901 911 2957 extra
939 2891 1132 2970 Jerusalem,
1156 2891 1293 2975 publicis

185 2994 311 3078 legibus
325 2995 553 3081 subjiciendus,
569 3018 695 3081 paenam
710 3018 808 3081 quam
822 2995 943 3060 meruit
957 2995 1108 3079 potietur.
1154 2988 1252 3062 Quod
1267 2996 1294 3059 si

145 3120 149 3125 ·
186 3098 273 3163 intra
286 3100 455 3184 praedictas
470 3122 569 3184 aquae
585 3108 617 3165 et
632 3110 745 3179 metas,
759 3109 792 3165 et
807 3099 1033 3184 predictarum
1044 3120 1200 3183 aquarum
1208 3099 1294 3184 ripas

186 3203 368 3283 exteriores,
384 3203 607 3283 homicidium,
621 3204 755 3283 furtum,
771 3204 823 3267 vel
842 3203 940 3267 aliam
959 3202 1195 3267 forisfacturam
1210 3202 1293 3268 fece·

186 3306 239 3385 rit,
258 3327 315 3390 por
332 3306 454 3371 balivos
472 3306 551 3372 dicti
571 3307 756 3371 monasterii
777 3306 950 3391 capiendus
966 3307 1060 3390 juxta
1085 3305 1292 3389 [demerita]¹

185 3409 220 3471 in
236 3410 305 3493 ipsa
318 3410 436 3489 insuda,
445 3412 539 3497 cujus
549 3410 788 3475 immunitatem
799 3409 949 3495 perdidit,
961 3410 1112 3494 pisticum,
1123 3418 1158 3474 et
1172 3411 1291 3475 ibidem

182 3512 376 3597 judicandus
398 3515 433 3579 in
455 3536 581 3579 carcere
604 3514 728 3579 abbatis
750 3513 1029 3580 condemnabitur.
1080 3514 1125 3577 Et
1144 3522 1183 3577 ut
1205 3514 1293 3578 istud

185 3636 295 3680 meum
317 3616 519 3701 privilegium
540 3618 664 3681 firmius
687 3625 720 3681 et
743 3616 858 3681 fortius
880 3616 922 3680 ad
940 3624 1085 3700 posteros
1104 3628 1292 3700 perseveret,

186 3740 243 3802 per
271 3719 439 3784 dominum
464 3741 574 3786 meum
604 3720 783 3804 Egbertum
813 3740 923 3803 regem
947 3720 1039 3783 West
1070 3720 1227 3798 Saxoniae,
1257 3731 1291 3785 et

186 3822 397 3887 Athelwlfum
412 3824 516 3887 filium
531 3826 601 3909 ejus
614 3823 696 3888 illud
710 3822 838 3887 obtinui
853 3822 1047 3887 confirmari.

230 3927 340 3991 Offero
359 3927 459 3991 etiam
489 3928 659 3991 secretario
685 3926 764 3989 dicti
789 3924 988 4003 monasterii,
1011 3924 1047 3988 in
1075 3925 1290 3988 ministerium

186 4030 380 4093 sanctissimi
396 4029 517 4109 altaris,
533 4029 702 4094 clamidem
717 4028 913 4107 coccineam,
928 4049 991 4111 qua
1006 4026 1139 4090 indutus
1153 4047 1240 4090 eram
1255 4027 1290 4091 in

184 4132 390 4195 coronatione
406 4152 487 4210 mea,
500 4131 541 4195 ad
555 4152 666 4215 capam
681 4132 757 4197 inde
772 4132 839 4195 sive
853 4130 995 4196 caculam
1006 4127 1194 4207 faciendam,
1206 4137 1240 4193 et
1254 4131 1290 4194 in

184 4234 324 4298 ecclesiae
341 4234 550 4299 sanctssimoe
568 4243 805 4313 ornamentum,
822 4234 929 4299 velum
949 4252 1058 4296 meum
1077 4251 1209 4294 aureum
1225 4254 1290 4315 quo

183 4336 337 4401 inciditur
352 4336 512 4402 excidium
525 4337 638 4417 Troice,
652 4338 688 4400 in
703 4359 775 4401 meo
790 4334 1016 4412 anniversario,
1031 4333 1058 4395 si
1073 4332 1238 4417 placuerit,
1254 4334 1290 4398 in

605 4458 612 4487 ¹
634 4454 766 4524 Wantiug
777 4453 805 4507 in
819 4453 877 4506 MS.

1061 4561 1081 4601 o
1097 4542 1117 4604 2
