<?xml version="1.0" encoding="UTF-8"?>
<!DOCTYPE html PUBLIC "-//W3C//DTD XHTML 1.0 Transitional//EN"
    "http://www.w3.org/TR/xhtml1/DTD/xhtml1-transitional.dtd">
<html xmlns="http://www.w3.org/1999/xhtml" xml:lang="en" lang="en">
 <head>
  <title>
</title>
<meta http-equiv="Content-Type" content="text/html;charset=utf-8" />
  <meta name='ocr-system' content='tesseract 3.04.00' />
  <meta name='ocr-capabilities' content='ocr_page ocr_carea ocr_par ocr_line ocrx_word'/>
</head>
<body>
  <div class='ocr_page' id='page_1' title='image "./diplomatariuman02thorgoog_0402.png"; bbox 0 0 3234 5125; ppageno 0'>
   <div class='ocr_carea' id='block_1_1' title="bbox 294 394 1125 453">
    <p class='ocr_par' dir='ltr' id='par_1_1' title="bbox 294 394 1125 453">
     <span class='ocr_line' id='line_1_1' title="bbox 294 394 1125 453; baseline 0.001 -5"><span class='ocrx_word' id='word_1_1' title='bbox 294 394 350 448; x_wconf 80' lang='lat'>360</span> <span class='ocrx_word' id='word_1_2' title='bbox 570 397 891 453; x_wconf 78' lang='lat' dir='ltr'>MISOELLANEOUS</span> <span class='ocrx_word' id='word_1_3' title='bbox 910 395 1125 453; x_wconf 70' lang='lat' dir='ltr'>curamus.</span> 
     </span>
    </p>
   </div>
   <div class='ocr_carea' id='block_1_2' title="bbox 289 562 1403 3314">
    <p class='ocr_par' dir='ltr' id='par_1_2' title="bbox 291 562 1403 2061">
     <span class='ocr_line' id='line_1_2' title="bbox 292 562 1401 652; baseline 0 -25"><span class='ocrx_word' id='word_1_4' title='bbox 292 574 404 629; x_wconf 86' lang='lat' dir='ltr'>nostra</span> <span class='ocrx_word' id='word_1_5' title='bbox 426 568 557 631; x_wconf 89' lang='lat' dir='ltr'>oracula</span> <span class='ocrx_word' id='word_1_6' title='bbox 580 569 621 632; x_wconf 91' lang='lat' dir='ltr'>ad</span> <span class='ocrx_word' id='word_1_7' title='bbox 644 569 811 652; x_wconf 84' lang='lat' dir='ltr'>integrum</span> <span class='ocrx_word' id='word_1_8' title='bbox 834 568 878 631; x_wconf 91' lang='lat' dir='ltr'>sit</span> <span class='ocrx_word' id='word_1_9' title='bbox 897 588 1086 632; x_wconf 74' lang='lat' dir='ltr'>conoessum</span> <span class='ocrx_word' id='word_1_10' title='bbox 1105 573 1203 649; x_wconf 89' lang='lat' dir='ltr'>atque</span> <span class='ocrx_word' id='word_1_11' title='bbox 1224 562 1401 628; x_wconf 65' lang='lat' dir='ltr'>indultnma</span> 
     </span>
     <span class='ocr_line' id='line_1_3' title="bbox 295 666 1402 753; baseline -0.004 -20"><span class='ocrx_word' id='word_1_12' title='bbox 295 667 489 753; x_wconf 81' lang='lat' dir='ltr'>Quicunque</span> <span class='ocrx_word' id='word_1_13' title='bbox 512 692 732 735; x_wconf 87' lang='lat' dir='ltr'>successorum</span> <span class='ocrx_word' id='word_1_14' title='bbox 752 692 898 735; x_wconf 90' lang='lat' dir='ltr'>meorum</span> <span class='ocrx_word' id='word_1_15' title='bbox 916 670 1000 733; x_wconf 88' lang='lat' dir='ltr'>hanc</span> <span class='ocrx_word' id='word_1_16' title='bbox 1015 668 1199 732; x_wconf 89' lang='lat' dir='ltr'>donationis</span> <span class='ocrx_word' id='word_1_17' title='bbox 1218 666 1402 731; x_wconf 86' lang='lat' dir='ltr'>libertatem</span> 
     </span>
     <span class='ocr_line' id='line_1_4' title="bbox 292 767 1403 855; baseline 0 -23"><span class='ocrx_word' id='word_1_18' title='bbox 292 769 431 834; x_wconf 90' lang='lat' dir='ltr'>firmiter</span> <span class='ocrx_word' id='word_1_19' title='bbox 439 780 537 855; x_wconf 89' lang='lat' dir='ltr'>atque</span> <span class='ocrx_word' id='word_1_20' title='bbox 552 772 781 837; x_wconf 86' lang='lat' dir='ltr'>inviolabiliter</span> <span class='ocrx_word' id='word_1_21' title='bbox 792 771 995 851; x_wconf 84' lang='lat' dir='ltr'>custodierit,</span> <span class='ocrx_word' id='word_1_22' title='bbox 1006 780 1118 835; x_wconf 87' lang='lat' dir='ltr'>eterna</span> <span class='ocrx_word' id='word_1_23' title='bbox 1133 778 1302 834; x_wconf 89' lang='lat' dir='ltr'>coronetur</span> <span class='ocrx_word' id='word_1_24' title='bbox 1310 767 1403 833; x_wconf 89' lang='lat' dir='ltr'>elari-</span> 
     </span>
     <span class='ocr_line' id='line_1_5' title="bbox 292 871 1399 959; baseline 0.001 -25"><span class='ocrx_word' id='word_1_25' title='bbox 292 878 371 951; x_wconf 88' lang='lat' dir='ltr'>tate,</span> <span class='ocrx_word' id='word_1_26' title='bbox 387 872 578 958; x_wconf 87' lang='lat' dir='ltr'>celestisque</span> <span class='ocrx_word' id='word_1_27' title='bbox 592 876 684 959; x_wconf 85' lang='lat' dir='ltr'>regni</span> <span class='ocrx_word' id='word_1_28' title='bbox 698 875 883 959; x_wconf 71' lang='lat' dir='ltr'>perfruatur</span> <span class='ocrx_word' id='word_1_29' title='bbox 894 874 1060 937; x_wconf 85' lang='lat' dir='ltr'>felicitate.</span> <span class='ocrx_word' id='word_1_30' title='bbox 1093 872 1130 936; x_wconf 89' lang='lat' dir='ltr'>Si</span> <span class='ocrx_word' id='word_1_31' title='bbox 1146 871 1303 956; x_wconf 82' lang='lat' dir='ltr'>quievero</span> <span class='ocrx_word' id='word_1_32' title='bbox 1316 892 1399 949; x_wconf 83' lang='lat' dir='ltr'>eam,</span> 
     </span>
     <span class='ocr_line' id='line_1_6' title="bbox 293 974 1402 1058; baseline 0 -22"><span class='ocrx_word' id='word_1_33' title='bbox 293 974 378 1055; x_wconf 91' lang='lat' dir='ltr'>quod</span> <span class='ocrx_word' id='word_1_34' title='bbox 408 975 502 1054; x_wconf 86' lang='lat' dir='ltr'>absit,</span> <span class='ocrx_word' id='word_1_35' title='bbox 522 976 687 1041; x_wconf 87' lang='lat' dir='ltr'>destruere</span> <span class='ocrx_word' id='word_1_36' title='bbox 710 976 859 1055; x_wconf 78' lang='lat' dir='ltr'>uoluerit,</span> <span class='ocrx_word' id='word_1_37' title='bbox 874 976 941 1039; x_wconf 83' lang='lat' dir='ltr'>sive</span> <span class='ocrx_word' id='word_1_38' title='bbox 964 975 1101 1039; x_wconf 88' lang='lat' dir='ltr'>eandem</span> <span class='ocrx_word' id='word_1_39' title='bbox 1126 974 1358 1058; x_wconf 88' lang='lat' dir='ltr'>possessionem</span> <span class='ocrx_word' id='word_1_40' title='bbox 1380 994 1402 1036; x_wconf 85' lang='lat' dir='ltr'>a</span> 
     </span>
     <span class='ocr_line' id='line_1_7' title="bbox 291 1074 1400 1162; baseline 0.001 -25"><span class='ocrx_word' id='word_1_41' title='bbox 291 1074 465 1141; x_wconf 80' lang='lat' dir='ltr'><strong>donatione</strong></span> <span class='ocrx_word' id='word_1_42' title='bbox 488 1086 520 1142; x_wconf 90' lang='lat' dir='ltr'>et</span> <span class='ocrx_word' id='word_1_43' title='bbox 543 1078 678 1142; x_wconf 87' lang='lat' dir='ltr'>servicio</span> <span class='ocrx_word' id='word_1_44' title='bbox 700 1078 861 1162; x_wconf 83' lang='lat' dir='ltr'>sepedicta</span> <span class='ocrx_word' id='word_1_45' title='bbox 883 1076 1016 1141; x_wconf 78' lang='lat' dir='ltr'>ecclesie</span> <span class='ocrx_word' id='word_1_46' title='bbox 1030 1085 1065 1141; x_wconf 90' lang='lat' dir='ltr'>et</span> <span class='ocrx_word' id='word_1_47' title='bbox 1079 1076 1234 1141; x_wconf 86' lang='lat' dir='ltr'>abbatum</span> <span class='ocrx_word' id='word_1_48' title='bbox 1255 1076 1400 1159; x_wconf 86' lang='lat' dir='ltr'>ejusdem</span> 
     </span>
     <span class='ocr_line' id='line_1_8' title="bbox 292 1176 1401 1262; baseline 0.001 -22"><span class='ocrx_word' id='word_1_49' title='bbox 292 1176 355 1241; x_wconf 92' lang='lat' dir='ltr'>loci</span> <span class='ocrx_word' id='word_1_50' title='bbox 371 1186 405 1242; x_wconf 87' lang='lat' dir='ltr'>et</span> <span class='ocrx_word' id='word_1_51' title='bbox 419 1181 651 1245; x_wconf 86' lang='lat' dir='ltr'>monachorum</span> <span class='ocrx_word' id='word_1_52' title='bbox 674 1181 863 1245; x_wconf 86' lang='lat' dir='ltr'>subtrahere</span> <span class='ocrx_word' id='word_1_53' title='bbox 883 1187 1018 1243; x_wconf 88' lang='lat' dir='ltr'>conatus</span> <span class='ocrx_word' id='word_1_54' title='bbox 1036 1178 1142 1257; x_wconf 82' lang='lat' dir='ltr'>luerit,</span> <span class='ocrx_word' id='word_1_55' title='bbox 1158 1179 1209 1243; x_wconf 84' lang='lat' dir='ltr'>vel</span> <span class='ocrx_word' id='word_1_56' title='bbox 1222 1200 1279 1262; x_wconf 88' lang='lat' dir='ltr'>per</span> <span class='ocrx_word' id='word_1_57' title='bbox 1293 1186 1401 1262; x_wconf 85' lang='lat' dir='ltr'>partes</span> 
     </span>
     <span class='ocr_line' id='line_1_9' title="bbox 294 1280 1402 1367; baseline 0 -24"><span class='ocrx_word' id='word_1_58' title='bbox 294 1280 385 1363; x_wconf 89' lang='lat' dir='ltr'>quasi</span> <span class='ocrx_word' id='word_1_59' title='bbox 400 1282 588 1346; x_wconf 87' lang='lat' dir='ltr'>hereditatis</span> <span class='ocrx_word' id='word_1_60' title='bbox 599 1284 673 1367; x_wconf 88' lang='lat' dir='ltr'>jure</span> <span class='ocrx_word' id='word_1_61' title='bbox 688 1282 814 1347; x_wconf 85' lang='lat' dir='ltr'>auferre</span> <span class='ocrx_word' id='word_1_62' title='bbox 828 1281 1077 1365; x_wconf 72' lang='lat' dir='ltr'>praesumpserit,</span> <span class='ocrx_word' id='word_1_63' title='bbox 1090 1280 1174 1345; x_wconf 88' lang='lat' dir='ltr'>sicut</span> <span class='ocrx_word' id='word_1_64' title='bbox 1184 1280 1402 1345; x_wconf 70' lang='lat' dir='ltr'>contradictor</span> 
     </span>
     <span class='ocr_line' id='line_1_10' title="bbox 292 1381 1400 1470; baseline -0.001 -24"><span class='ocrx_word' id='word_1_65' title='bbox 292 1390 327 1446; x_wconf 85' lang='lat' dir='ltr'>et</span> <span class='ocrx_word' id='word_1_66' title='bbox 349 1384 520 1449; x_wconf 82' lang='lat' dir='ltr'>convulsor</span> <span class='ocrx_word' id='word_1_67' title='bbox 549 1386 647 1470; x_wconf 88' lang='lat' dir='ltr'>hujus</span> <span class='ocrx_word' id='word_1_68' title='bbox 672 1385 775 1449; x_wconf 82' lang='lat' dir='ltr'>nostri</span> <span class='ocrx_word' id='word_1_69' title='bbox 800 1384 923 1448; x_wconf 84' lang='lat' dir='ltr'>decreti</span> <span class='ocrx_word' id='word_1_70' title='bbox 946 1405 983 1447; x_wconf 92' lang='lat' dir='ltr'>ac</span> <span class='ocrx_word' id='word_1_71' title='bbox 1006 1390 1190 1461; x_wconf 80' lang='lat' dir='ltr'>temerator,</span> <span class='ocrx_word' id='word_1_72' title='bbox 1214 1403 1289 1446; x_wconf 91' lang='lat' dir='ltr'>cum</span> <span class='ocrx_word' id='word_1_73' title='bbox 1315 1381 1400 1446; x_wconf 87' lang='lat' dir='ltr'>Iuda</span> 
     </span>
     <span class='ocr_line' id='line_1_11' title="bbox 292 1484 1400 1570; baseline 0.002 -23"><span class='ocrx_word' id='word_1_74' title='bbox 292 1484 449 1550; x_wconf 86' lang='lat' dir='ltr'>traditore</span> <span class='ocrx_word' id='word_1_75' title='bbox 465 1487 598 1551; x_wconf 90' lang='lat' dir='ltr'>Domini</span> <span class='ocrx_word' id='word_1_76' title='bbox 622 1495 734 1551; x_wconf 90' lang='lat' dir='ltr'>eterno</span> <span class='ocrx_word' id='word_1_77' title='bbox 758 1486 958 1551; x_wconf 87' lang='lat' dir='ltr'>anathemati</span> <span class='ocrx_word' id='word_1_78' title='bbox 981 1485 1156 1570; x_wconf 82' lang='lat' dir='ltr'>subjaceat,</span> <span class='ocrx_word' id='word_1_79' title='bbox 1181 1484 1245 1548; x_wconf 91' lang='lat' dir='ltr'>nisi</span> <span class='ocrx_word' id='word_1_80' title='bbox 1270 1484 1400 1549; x_wconf 87' lang='lat' dir='ltr'>Decet</span> 
     </span>
     <span class='ocr_line' id='line_1_12' title="bbox 293 1586 1400 1673; baseline 0 -22"><span class='ocrx_word' id='word_1_81' title='bbox 293 1586 388 1651; x_wconf 90' lang='lat' dir='ltr'>beato</span> <span class='ocrx_word' id='word_1_82' title='bbox 403 1610 462 1654; x_wconf 89' lang='lat' dir='ltr'>suo</span> <span class='ocrx_word' id='word_1_83' title='bbox 485 1589 628 1673; x_wconf 87' lang='lat' dir='ltr'>apostolo</span> <span class='ocrx_word' id='word_1_84' title='bbox 643 1590 741 1654; x_wconf 88' lang='lat' dir='ltr'>Petro</span> <span class='ocrx_word' id='word_1_85' title='bbox 763 1588 862 1673; x_wconf 82' lang='lat' dir='ltr'>digna</span> <span class='ocrx_word' id='word_1_86' title='bbox 876 1587 1055 1672; x_wconf 83' lang='lat' dir='ltr'>penitentia</span> <span class='ocrx_word' id='word_1_87' title='bbox 1076 1586 1276 1651; x_wconf 80' lang='lat' dir='ltr'>satisfecerit.</span> <span class='ocrx_word' id='word_1_88' title='bbox 1319 1587 1400 1651; x_wconf 88' lang='lat' dir='ltr'>Non</span> 
     </span>
     <span class='ocr_line' id='line_1_13' title="bbox 293 1689 1399 1775; baseline -0.001 -22"><span class='ocrx_word' id='word_1_89' title='bbox 293 1690 380 1758; x_wconf 88' lang='lat' dir='ltr'>enim</span> <span class='ocrx_word' id='word_1_90' title='bbox 395 1692 593 1775; x_wconf 86' lang='lat' dir='ltr'>superiorem</span> <span class='ocrx_word' id='word_1_91' title='bbox 607 1692 658 1755; x_wconf 84' lang='lat' dir='ltr'>vel</span> <span class='ocrx_word' id='word_1_92' title='bbox 677 1690 864 1755; x_wconf 83' lang='lat' dir='ltr'>inferiorem</span> <span class='ocrx_word' id='word_1_93' title='bbox 878 1690 1018 1774; x_wconf 80' lang='lat' dir='ltr'>aliquem</span> <span class='ocrx_word' id='word_1_94' title='bbox 1033 1690 1124 1754; x_wconf 88' lang='lat' dir='ltr'>decet</span> <span class='ocrx_word' id='word_1_95' title='bbox 1139 1690 1304 1753; x_wconf 87' lang='lat' dir='ltr'>hominem</span> <span class='ocrx_word' id='word_1_96' title='bbox 1317 1689 1399 1753; x_wconf 88' lang='lat' dir='ltr'>illud</span> 
     </span>
     <span class='ocr_line' id='line_1_14' title="bbox 292 1791 1397 1877; baseline -0.001 -22"><span class='ocrx_word' id='word_1_97' title='bbox 292 1792 354 1856; x_wconf 89' lang='lat' dir='ltr'>sibi</span> <span class='ocrx_word' id='word_1_98' title='bbox 378 1792 412 1857; x_wconf 91' lang='lat' dir='ltr'>in</span> <span class='ocrx_word' id='word_1_99' title='bbox 430 1794 485 1877; x_wconf 89' lang='lat' dir='ltr'>jus</span> <span class='ocrx_word' id='word_1_100' title='bbox 507 1792 695 1858; x_wconf 87' lang='lat' dir='ltr'>hereditatis</span> <span class='ocrx_word' id='word_1_101' title='bbox 709 1792 880 1858; x_wconf 85' lang='lat' dir='ltr'>vendicare</span> <span class='ocrx_word' id='word_1_102' title='bbox 894 1792 980 1876; x_wconf 91' lang='lat' dir='ltr'>quod</span> <span class='ocrx_word' id='word_1_103' title='bbox 999 1813 1057 1876; x_wconf 89' lang='lat' dir='ltr'>per</span> <span class='ocrx_word' id='word_1_104' title='bbox 1072 1791 1195 1874; x_wconf 80' lang='lat' dir='ltr'>regiam</span> <span class='ocrx_word' id='word_1_105' title='bbox 1212 1792 1397 1857; x_wconf 88' lang='lat' dir='ltr'>corrobora·</span> 
     </span>
     <span class='ocr_line' id='line_1_15' title="bbox 292 1893 1398 1980; baseline 0.001 -24"><span class='ocrx_word' id='word_1_106' title='bbox 292 1894 415 1958; x_wconf 87' lang='lat' dir='ltr'>tionem</span> <span class='ocrx_word' id='word_1_107' title='bbox 444 1894 484 1959; x_wconf 87' lang='lat' dir='ltr'>ad</span> <span class='ocrx_word' id='word_1_108' title='bbox 514 1894 605 1973; x_wconf 90' lang='lat' dir='ltr'>illud,</span> <span class='ocrx_word' id='word_1_109' title='bbox 629 1898 721 1980; x_wconf 86' lang='lat' dir='ltr'>cujus</span> <span class='ocrx_word' id='word_1_110' title='bbox 750 1916 819 1959; x_wconf 89' lang='lat' dir='ltr'>esse</span> <span class='ocrx_word' id='word_1_111' title='bbox 844 1893 969 1973; x_wconf 88' lang='lat' dir='ltr'>debeat,</span> <span class='ocrx_word' id='word_1_112' title='bbox 993 1893 1126 1979; x_wconf 83' lang='lat' dir='ltr'>provida</span> <span class='ocrx_word' id='word_1_113' title='bbox 1150 1894 1276 1959; x_wconf 77' lang='lat' dir='ltr'>ratione</span> <span class='ocrx_word' id='word_1_114' title='bbox 1299 1894 1398 1958; x_wconf 81' lang='lat' dir='ltr'>fuerit</span> 
     </span>
     <span class='ocr_line' id='line_1_16' title="bbox 293 1995 469 2061; baseline 0.011 -2"><span class='ocrx_word' id='word_1_115' title='bbox 293 1995 469 2061; x_wconf 82' lang='lat' dir='ltr'>redactum.</span> 
     </span>
    </p>

    <p class='ocr_par' dir='ltr' id='par_1_3' title="bbox 292 2099 1398 2489">
     <span class='ocr_line' id='line_1_17' title="bbox 338 2099 1398 2183; baseline 0.003 -22"><span class='ocrx_word' id='word_1_116' title='bbox 338 2100 435 2162; x_wconf 89' lang='lat' dir='ltr'>Anno</span> <span class='ocrx_word' id='word_1_117' title='bbox 460 2099 560 2183; x_wconf 81' lang='lat' dir='ltr'>igitur</span> <span class='ocrx_word' id='word_1_118' title='bbox 584 2099 754 2165; x_wconf 90' lang='lat' dir='ltr'>Dominice</span> <span class='ocrx_word' id='word_1_119' title='bbox 776 2100 1005 2165; x_wconf 78' lang='lat' dir='ltr'>incar-nationis</span> <span class='ocrx_word' id='word_1_120' title='bbox 1029 2120 1194 2179; x_wconf 66' lang='lat' dir='ltr'>mamni,</span> <span class='ocrx_word' id='word_1_121' title='bbox 1213 2100 1398 2164; x_wconf 73' lang='lat' dir='ltr'>indictione</span> 
     </span>
     <span class='ocr_line' id='line_1_18' title="bbox 293 2202 1398 2287; baseline 0.005 -26"><span class='ocrx_word' id='word_1_122' title='bbox 293 2220 367 2279; x_wconf 76' lang='lat' dir='ltr'>ru,</span> <span class='ocrx_word' id='word_1_123' title='bbox 385 2208 419 2264; x_wconf 89' lang='lat' dir='ltr'>et</span> <span class='ocrx_word' id='word_1_124' title='bbox 433 2222 492 2265; x_wconf 87' lang='lat' dir='ltr'>v11.</span> <span class='ocrx_word' id='word_1_125' title='bbox 509 2202 785 2281; x_wconf 88' lang='lat' dir='ltr'>concurrentibus,</span> <span class='ocrx_word' id='word_1_126' title='bbox 802 2212 899 2287; x_wconf 87' lang='lat' dir='ltr'>atquc</span> <span class='ocrx_word' id='word_1_127' title='bbox 916 2225 962 2267; x_wconf 83' lang='lat' dir='ltr'>rr.</span> <span class='ocrx_word' id='word_1_128' title='bbox 979 2203 1100 2287; x_wconf 83' lang='lat' dir='ltr'>epactis</span> <span class='ocrx_word' id='word_1_129' title='bbox 1120 2204 1312 2282; x_wconf 88' lang='lat' dir='ltr'>rotantibus,</span> <span class='ocrx_word' id='word_1_130' title='bbox 1335 2204 1398 2266; x_wconf 86' lang='lat' dir='ltr'>hec</span> 
     </span>
     <span class='ocr_line' id='line_1_19' title="bbox 293 2303 1395 2390; baseline 0.004 -25"><span class='ocrx_word' id='word_1_131' title='bbox 293 2303 408 2386; x_wconf 88' lang='lat' dir='ltr'>regalis</span> <span class='ocrx_word' id='word_1_132' title='bbox 424 2306 587 2369; x_wconf 86' lang='lat' dir='ltr'>concessio</span> <span class='ocrx_word' id='word_1_133' title='bbox 602 2314 634 2369; x_wconf 87' lang='lat' dir='ltr'>et</span> <span class='ocrx_word' id='word_1_134' title='bbox 649 2306 781 2369; x_wconf 90' lang='lat' dir='ltr'>donatio</span> <span class='ocrx_word' id='word_1_135' title='bbox 795 2305 883 2371; x_wconf 86' lang='lat' dir='ltr'>facta</span> <span class='ocrx_word' id='word_1_136' title='bbox 896 2314 946 2371; x_wconf 90' lang='lat' dir='ltr'>est</span> <span class='ocrx_word' id='word_1_137' title='bbox 960 2306 1021 2383; x_wconf 79' lang='lat' dir='ltr'>sub</span> <span class='ocrx_word' id='word_1_138' title='bbox 1035 2306 1263 2390; x_wconf 82' lang='lat' dir='ltr'>astipulatione</span> <span class='ocrx_word' id='word_1_139' title='bbox 1276 2306 1395 2390; x_wconf 87' lang='lat' dir='ltr'>prima·</span> 
     </span>
     <span class='ocr_line' id='line_1_20' title="bbox 292 2407 1017 2489; baseline 0.008 -22"><span class='ocrx_word' id='word_1_140' title='bbox 292 2412 373 2483; x_wconf 90' lang='lat' dir='ltr'>tum,</span> <span class='ocrx_word' id='word_1_141' title='bbox 391 2427 528 2489; x_wconf 90' lang='lat' dir='ltr'>quorum</span> <span class='ocrx_word' id='word_1_142' title='bbox 541 2407 675 2471; x_wconf 89' lang='lat' dir='ltr'>nomina</span> <span class='ocrx_word' id='word_1_143' title='bbox 688 2408 844 2473; x_wconf 85' lang='lat' dir='ltr'>karaxata</span> <span class='ocrx_word' id='word_1_144' title='bbox 857 2409 1017 2473; x_wconf 84' lang='lat' dir='ltr'>videntur.</span> 
     </span>
    </p>

    <p class='ocr_par' dir='ltr' id='par_1_4' title="bbox 289 2508 1396 3314">
     <span class='ocr_line' id='line_1_21' title="bbox 336 2508 1396 2597; baseline 0.005 -24"><span class='ocrx_word' id='word_1_145' title='bbox 336 2508 407 2592; x_wconf 84' lang='lat' dir='ltr'>Ego</span> <span class='ocrx_word' id='word_1_146' title='bbox 422 2510 628 2590; x_wconf 81' lang='lat' dir='ltr'>Eaduardus,</span> <span class='ocrx_word' id='word_1_147' title='bbox 643 2532 700 2575; x_wconf 82' lang='lat' dir='ltr'>rex</span> <span class='ocrx_word' id='word_1_148' title='bbox 713 2513 818 2576; x_wconf 88' lang='lat' dir='ltr'>tocius</span> <span class='ocrx_word' id='word_1_149' title='bbox 833 2511 1012 2590; x_wconf 83' lang='lat' dir='ltr'>Britannia,</span> <span class='ocrx_word' id='word_1_150' title='bbox 1023 2511 1107 2577; x_wconf 88' lang='lat' dir='ltr'>hanc</span> <span class='ocrx_word' id='word_1_151' title='bbox 1120 2512 1282 2597; x_wconf 90' lang='lat' dir='ltr'>propriam</span> <span class='ocrx_word' id='word_1_152' title='bbox 1297 2512 1396 2578; x_wconf 85' lang='lat' dir='ltr'>dona·</span> 
     </span>
     <span class='ocr_line' id='line_1_22' title="bbox 292 2610 1395 2700; baseline 0.005 -26"><span class='ocrx_word' id='word_1_153' title='bbox 292 2610 414 2676; x_wconf 86' lang='lat' dir='ltr'>tionem</span> <span class='ocrx_word' id='word_1_154' title='bbox 429 2613 529 2696; x_wconf 86' lang='lat' dir='ltr'>regali</span> <span class='ocrx_word' id='word_1_155' title='bbox 544 2614 764 2679; x_wconf 87' lang='lat' dir='ltr'>stabilimento</span> <span class='ocrx_word' id='word_1_156' title='bbox 784 2615 939 2679; x_wconf 85' lang='lat' dir='ltr'>affirmavi</span> <span class='ocrx_word' id='word_1_157' title='bbox 953 2617 1005 2697; x_wconf 54' lang='grc' dir='ltr'>ᾧ.</span> <span class='ocrx_word' id='word_1_158' title='bbox 1050 2617 1122 2697; x_wconf 80' lang='lat' dir='ltr'>Ego</span> <span class='ocrx_word' id='word_1_159' title='bbox 1136 2616 1294 2699; x_wconf 78' lang='lat' dir='ltr'>AElfgysu,</span> <span class='ocrx_word' id='word_1_160' title='bbox 1309 2618 1395 2700; x_wconf 83' lang='lat' dir='ltr'>ejus·</span> 
     </span>
     <span class='ocr_line' id='line_1_23' title="bbox 291 2713 1395 2801; baseline 0.005 -25"><span class='ocrx_word' id='word_1_161' title='bbox 291 2713 365 2777; x_wconf 87' lang='lat' dir='ltr'>dem</span> <span class='ocrx_word' id='word_1_162' title='bbox 388 2715 473 2798; x_wconf 83' lang='lat' dir='ltr'>regis</span> <span class='ocrx_word' id='word_1_163' title='bbox 498 2724 612 2796; x_wconf 86' lang='lat' dir='ltr'>mater,</span> <span class='ocrx_word' id='word_1_164' title='bbox 628 2739 794 2781; x_wconf 86' lang='lat' dir='ltr'>assensum</span> <span class='ocrx_word' id='word_1_165' title='bbox 817 2716 1084 2799; x_wconf 59' lang='lat' dir='ltr'>accomodaviffl.</span> <span class='ocrx_word' id='word_1_166' title='bbox 1137 2719 1209 2801; x_wconf 78' lang='lat' dir='ltr'>Ego</span> <span class='ocrx_word' id='word_1_167' title='bbox 1223 2719 1395 2798; x_wconf 77' lang='lat' dir='ltr'>Iladsinus,</span> 
     </span>
     <span class='ocr_line' id='line_1_24' title="bbox 292 2817 1394 2903; baseline 0.006 -24"><span class='ocrx_word' id='word_1_168' title='bbox 292 2817 547 2883; x_wconf 85' lang='lat' dir='ltr'>Dorobernensis</span> <span class='ocrx_word' id='word_1_169' title='bbox 573 2819 704 2883; x_wconf 86' lang='lat' dir='ltr'>ecclesie</span> <span class='ocrx_word' id='word_1_170' title='bbox 728 2819 994 2903; x_wconf 88' lang='lat' dir='ltr'>archiepiscopus,</span> <span class='ocrx_word' id='word_1_171' title='bbox 1009 2819 1095 2883; x_wconf 87' lang='lat' dir='ltr'>hanc</span> <span class='ocrx_word' id='word_1_172' title='bbox 1113 2820 1267 2903; x_wconf 87' lang='lat' dir='ltr'>pietatem</span> <span class='ocrx_word' id='word_1_173' title='bbox 1290 2820 1394 2886; x_wconf 89' lang='lat' dir='ltr'>divul-</span> 
     </span>
     <span class='ocr_line' id='line_1_25' title="bbox 290 2920 1395 3006; baseline 0.005 -24"><span class='ocrx_word' id='word_1_174' title='bbox 290 2920 363 3000; x_wconf 85' lang='lat' dir='ltr'>gavi</span> <span class='ocrx_word' id='word_1_175' title='bbox 380 2922 431 3000; x_wconf 54' lang='grc' dir='ltr'>ᾖ.</span> <span class='ocrx_word' id='word_1_176' title='bbox 496 2923 567 3002; x_wconf 83' lang='lat' dir='ltr'>Ego</span> <span class='ocrx_word' id='word_1_177' title='bbox 591 2920 755 3000; x_wconf 88' lang='lat' dir='ltr'>AElfricus,</span> <span class='ocrx_word' id='word_1_178' title='bbox 783 2920 994 2986; x_wconf 87' lang='lat' dir='ltr'>Eboracensis</span> <span class='ocrx_word' id='word_1_179' title='bbox 1023 2920 1162 2984; x_wconf 86' lang='lat' dir='ltr'>civitatis</span> <span class='ocrx_word' id='word_1_180' title='bbox 1187 2922 1395 3006; x_wconf 87' lang='lat' dir='ltr'>archipresul,</span> 
     </span>
     <span class='ocr_line' id='line_1_26' title="bbox 289 3019 1396 3110; baseline 0.005 -27"><span class='ocrx_word' id='word_1_181' title='bbox 289 3019 373 3083; x_wconf 88' lang='lat' dir='ltr'>hanc</span> <span class='ocrx_word' id='word_1_182' title='bbox 409 3020 604 3084; x_wconf 82' lang='lat' dir='ltr'>territorium</span> <span class='ocrx_word' id='word_1_183' title='bbox 640 3021 802 3086; x_wconf 89' lang='lat' dir='ltr'>scedulam</span> <span class='ocrx_word' id='word_1_184' title='bbox 832 3024 1004 3106; x_wconf 75' lang='lat' dir='ltr'>diligenter</span> <span class='ocrx_word' id='word_1_185' title='bbox 1029 3023 1189 3106; x_wconf 82' lang='lat' dir='ltr'>assignavi</span> <span class='ocrx_word' id='word_1_186' title='bbox 1204 3029 1257 3106; x_wconf 56' lang='lat' dir='ltr'>q«.</span> <span class='ocrx_word' id='word_1_187' title='bbox 1322 3027 1396 3110; x_wconf 85' lang='lat' dir='ltr'>Ego</span> 
     </span>
     <span class='ocr_line' id='line_1_27' title="bbox 290 3121 1395 3211; baseline 0.006 -26"><span class='ocrx_word' id='word_1_188' title='bbox 290 3121 500 3200; x_wconf 84' lang='lat' dir='ltr'>AElweardus,</span> <span class='ocrx_word' id='word_1_189' title='bbox 526 3121 761 3186; x_wconf 85' lang='lat' dir='ltr'>Londoniensis</span> <span class='ocrx_word' id='word_1_190' title='bbox 790 3124 965 3207; x_wconf 89' lang='lat' dir='ltr'>episcopus,</span> <span class='ocrx_word' id='word_1_191' title='bbox 996 3125 1193 3188; x_wconf 85' lang='lat' dir='ltr'>consolidavi</span> <span class='ocrx_word' id='word_1_192' title='bbox 1211 3128 1262 3208; x_wconf 60' lang='lat'>&#39;1‘-</span> <span class='ocrx_word' id='word_1_193' title='bbox 1323 3131 1395 3211; x_wconf 82' lang='lat' dir='ltr'>Ego</span> 
     </span>
     <span class='ocr_line' id='line_1_28' title="bbox 291 3223 1395 3314; baseline 0.007 -27"><span class='ocrx_word' id='word_1_194' title='bbox 291 3223 477 3301; x_wconf 84' lang='lat' dir='ltr'>Godwinus,</span> <span class='ocrx_word' id='word_1_195' title='bbox 500 3223 650 3288; x_wconf 85' lang='lat' dir='ltr'>Rofensis</span> <span class='ocrx_word' id='word_1_196' title='bbox 673 3225 849 3308; x_wconf 90' lang='lat' dir='ltr'>episcopus,</span> <span class='ocrx_word' id='word_1_197' title='bbox 865 3226 1043 3310; x_wconf 79' lang='lat' dir='ltr'>gaudenter</span> <span class='ocrx_word' id='word_1_198' title='bbox 1064 3227 1211 3312; x_wconf 86' lang='lat' dir='ltr'>impressi</span> <span class='ocrx_word' id='word_1_199' title='bbox 1226 3232 1278 3312; x_wconf 54' lang='grc' dir='ltr'>ᾧ.</span> <span class='ocrx_word' id='word_1_200' title='bbox 1322 3231 1395 3314; x_wconf 85' lang='lat' dir='ltr'>Ego</span> 
     </span>
    </p>
   </div>
   <div class='ocr_carea' id='block_1_3' title="bbox 287 3325 1395 4031">
    <p class='ocr_par' dir='ltr' id='par_1_5' title="bbox 287 3325 1395 4031">
     <span class='ocr_line' id='line_1_29' title="bbox 287 3325 1395 3424; baseline 0.008 -35"><span class='ocrx_word' id='word_1_201' title='bbox 287 3325 465 3409; x_wconf 85' lang='lat' dir='ltr'>AElwynus,</span> <span class='ocrx_word' id='word_1_202' title='bbox 492 3325 728 3390; x_wconf 88' lang='lat' dir='ltr'>Wintoniensis</span> <span class='ocrx_word' id='word_1_203' title='bbox 764 3327 939 3412; x_wconf 89' lang='lat' dir='ltr'>episcopus,</span> <span class='ocrx_word' id='word_1_204' title='bbox 968 3329 1170 3394; x_wconf 83' lang='lat' dir='ltr'>corroboravi</span> <span class='ocrx_word' id='word_1_205' title='bbox 1186 3333 1238 3424; x_wconf 50' lang='grc' dir='ltr'>ᾖ.</span> <span class='ocrx_word' id='word_1_206' title='bbox 1321 3334 1395 3416; x_wconf 81' lang='lat' dir='ltr'>Ego</span> 
     </span>
     <span class='ocr_line' id='line_1_30' title="bbox 290 3427 1395 3518; baseline 0.005 -26"><span class='ocrx_word' id='word_1_207' title='bbox 290 3427 545 3504; x_wconf 85' lang='lat' dir='ltr'>Beorhtwoldus,</span> <span class='ocrx_word' id='word_1_208' title='bbox 561 3428 789 3492; x_wconf 89' lang='lat' dir='ltr'>Wiltuniensis</span> <span class='ocrx_word' id='word_1_209' title='bbox 818 3431 995 3514; x_wconf 88' lang='lat' dir='ltr'>episcopus,</span> <span class='ocrx_word' id='word_1_210' title='bbox 1019 3431 1196 3496; x_wconf 86' lang='lat' dir='ltr'>coadunavi</span> <span class='ocrx_word' id='word_1_211' title='bbox 1211 3435 1263 3515; x_wconf 54' lang='grc' dir='ltr'>ᾧ.</span> <span class='ocrx_word' id='word_1_212' title='bbox 1322 3435 1395 3518; x_wconf 80' lang='lat' dir='ltr'>Ego</span> 
     </span>
     <span class='ocr_line' id='line_1_31' title="bbox 288 3529 1393 3618; baseline 0.005 -23"><span class='ocrx_word' id='word_1_213' title='bbox 288 3530 459 3612; x_wconf 82' lang='lat' dir='ltr'>Liuingus,</span> <span class='ocrx_word' id='word_1_214' title='bbox 475 3529 652 3594; x_wconf 87' lang='lat' dir='ltr'>Cridieusis</span> <span class='ocrx_word' id='word_1_215' title='bbox 677 3532 854 3616; x_wconf 90' lang='lat' dir='ltr'>episcopus,</span> <span class='ocrx_word' id='word_1_216' title='bbox 878 3533 1066 3598; x_wconf 83' lang='lat' dir='ltr'>confirmavi</span> <span class='ocrx_word' id='word_1_217' title='bbox 1082 3538 1133 3615; x_wconf 66' lang='lat' dir='ltr'>sl«.</span> <span class='ocrx_word' id='word_1_218' title='bbox 1192 3536 1264 3618; x_wconf 78' lang='lat' dir='ltr'>Ego</span> <span class='ocrx_word' id='word_1_219' title='bbox 1278 3537 1393 3601; x_wconf 73' lang='lat' dir='ltr'>AEdel·</span> 
     </span>
     <span class='ocr_line' id='line_1_32' title="bbox 289 3633 1394 3720; baseline 0.006 -24"><span class='ocrx_word' id='word_1_220' title='bbox 289 3641 410 3711; x_wconf 80' lang='lat' dir='ltr'>stanus,</span> <span class='ocrx_word' id='word_1_221' title='bbox 431 3633 677 3697; x_wconf 85' lang='lat' dir='ltr'>Herefordensis</span> <span class='ocrx_word' id='word_1_222' title='bbox 702 3635 878 3720; x_wconf 87' lang='lat' dir='ltr'>episcopus,</span> <span class='ocrx_word' id='word_1_223' title='bbox 905 3635 1090 3719; x_wconf 84' lang='lat' dir='ltr'>consignavi</span> <span class='ocrx_word' id='word_1_224' title='bbox 1106 3637 1158 3717; x_wconf 52' lang='grc' dir='ltr'>ᾧ.</span> <span class='ocrx_word' id='word_1_225' title='bbox 1217 3639 1289 3720; x_wconf 85' lang='lat' dir='ltr'>Ego</span> <span class='ocrx_word' id='word_1_226' title='bbox 1299 3640 1394 3703; x_wconf 91' lang='lat' dir='ltr'>Wul-</span> 
     </span>
     <span class='ocr_line' id='line_1_33' title="bbox 288 3735 1394 3826; baseline 0.003 -26"><span class='ocrx_word' id='word_1_227' title='bbox 288 3745 408 3814; x_wconf 89' lang='lat' dir='ltr'>stanus,</span> <span class='ocrx_word' id='word_1_228' title='bbox 436 3735 671 3818; x_wconf 84' lang='lat' dir='ltr'>Wigorniensis</span> <span class='ocrx_word' id='word_1_229' title='bbox 701 3737 877 3821; x_wconf 90' lang='lat' dir='ltr'>episcopus,</span> <span class='ocrx_word' id='word_1_230' title='bbox 901 3738 985 3801; x_wconf 90' lang='lat' dir='ltr'>hanc</span> <span class='ocrx_word' id='word_1_231' title='bbox 1015 3738 1176 3822; x_wconf 75' lang='lat' dir='ltr'>divulgari</span> <span class='ocrx_word' id='word_1_232' title='bbox 1203 3743 1254 3823; x_wconf 53' lang='grc' dir='ltr'>ᾧ.</span> <span class='ocrx_word' id='word_1_233' title='bbox 1322 3744 1394 3826; x_wconf 80' lang='lat' dir='ltr'>Ego</span> 
     </span>
     <span class='ocr_line' id='line_1_34' title="bbox 287 3839 1394 3925; baseline 0.006 -22"><span class='ocrx_word' id='word_1_234' title='bbox 287 3839 474 3917; x_wconf 77' lang='lat' dir='ltr'>Eadnollus,</span> <span class='ocrx_word' id='word_1_235' title='bbox 496 3839 688 3902; x_wconf 90' lang='lat' dir='ltr'>Dorccensis</span> <span class='ocrx_word' id='word_1_236' title='bbox 705 3841 884 3924; x_wconf 89' lang='lat' dir='ltr'>episcopus,</span> <span class='ocrx_word' id='word_1_237' title='bbox 905 3840 1033 3904; x_wconf 83' lang='lat' dir='ltr'>condiri</span> <span class='ocrx_word' id='word_1_238' title='bbox 1051 3843 1102 3921; x_wconf 73' lang='lat'>*1⁴-</span> <span class='ocrx_word' id='word_1_239' title='bbox 1156 3843 1227 3925; x_wconf 84' lang='lat' dir='ltr'>Ego</span> <span class='ocrx_word' id='word_1_240' title='bbox 1243 3843 1394 3924; x_wconf 90' lang='lat' dir='ltr'>Dnduoo,</span> 
     </span>
     <span class='ocr_line' id='line_1_35' title="bbox 288 3941 1393 4031; baseline 0.005 -25"><span class='ocrx_word' id='word_1_241' title='bbox 288 3942 460 4006; x_wconf 86' lang='lat' dir='ltr'>Wellensis</span> <span class='ocrx_word' id='word_1_242' title='bbox 469 3941 646 4025; x_wconf 89' lang='lat' dir='ltr'>episcopus,</span> <span class='ocrx_word' id='word_1_243' title='bbox 659 3942 834 4025; x_wconf 86' lang='lat' dir='ltr'>conscripsi</span> <span class='ocrx_word' id='word_1_244' title='bbox 849 3945 902 4022; x_wconf 71' lang='lat'>*1⁴-</span> <span class='ocrx_word' id='word_1_245' title='bbox 933 3944 1004 4026; x_wconf 84' lang='lat' dir='ltr'>Ego</span> <span class='ocrx_word' id='word_1_246' title='bbox 1014 3943 1216 4022; x_wconf 86' lang='lat' dir='ltr'>Grimkillus,</span> <span class='ocrx_word' id='word_1_247' title='bbox 1226 3946 1393 4031; x_wconf 88' lang='lat' dir='ltr'>episcopus</span> 
     </span>
    </p>
   </div>
   <div class='ocr_carea' id='block_1_4' title="bbox 284 4044 1392 4440">
    <p class='ocr_par' dir='ltr' id='par_1_6' title="bbox 284 4044 1392 4440">
     <span class='ocr_line' id='line_1_36' title="bbox 287 4044 1392 4132; baseline 0.005 -23"><span class='ocrx_word' id='word_1_248' title='bbox 287 4045 488 4118; x_wconf 87' lang='lat' dir='ltr'>Australium</span> <span class='ocrx_word' id='word_1_249' title='bbox 503 4046 677 4122; x_wconf 85' lang='lat' dir='ltr'>Saxonum,</span> <span class='ocrx_word' id='word_1_250' title='bbox 688 4044 835 4106; x_wconf 92' lang='lat' dir='ltr'>consensi</span> <span class='ocrx_word' id='word_1_251' title='bbox 850 4046 903 4126; x_wconf 54' lang='grc' dir='ltr'>ᾧ.</span> <span class='ocrx_word' id='word_1_252' title='bbox 948 4046 1020 4127; x_wconf 84' lang='lat' dir='ltr'>Ego</span> <span class='ocrx_word' id='word_1_253' title='bbox 1031 4046 1211 4124; x_wconf 87' lang='lat' dir='ltr'>Wulsinus,</span> <span class='ocrx_word' id='word_1_254' title='bbox 1227 4048 1392 4132; x_wconf 89' lang='lat' dir='ltr'>episcopus</span> 
     </span>
     <span class='ocr_line' id='line_1_37' title="bbox 287 4144 1392 4235; baseline 0.002 -23"><span class='ocrx_word' id='word_1_255' title='bbox 287 4146 542 4223; x_wconf 85' lang='lat' dir='ltr'>Licetfeldensis,</span> <span class='ocrx_word' id='word_1_256' title='bbox 564 4144 768 4209; x_wconf 89' lang='lat' dir='ltr'>commodum</span> <span class='ocrx_word' id='word_1_257' title='bbox 794 4145 872 4208; x_wconf 78' lang='lat' dir='ltr'>duri</span> <span class='ocrx_word' id='word_1_258' title='bbox 898 4149 950 4226; x_wconf 71' lang='lat'>*1⁴-</span> <span class='ocrx_word' id='word_1_259' title='bbox 1016 4147 1088 4231; x_wconf 86' lang='lat' dir='ltr'>Ego</span> <span class='ocrx_word' id='word_1_260' title='bbox 1112 4148 1298 4229; x_wconf 81' lang='lat' dir='ltr'>Britwinns,</span> <span class='ocrx_word' id='word_1_261' title='bbox 1325 4152 1392 4235; x_wconf 91' lang='lat' dir='ltr'>epi·</span> 
     </span>
     <span class='ocr_line' id='line_1_38' title="bbox 285 4246 1391 4334; baseline 0.002 -19"><span class='ocrx_word' id='word_1_262' title='bbox 285 4272 400 4334; x_wconf 88' lang='lat' dir='ltr'>scopus</span> <span class='ocrx_word' id='word_1_263' title='bbox 427 4246 698 4325; x_wconf 86' lang='lat' dir='ltr'>Scireburnensis,</span> <span class='ocrx_word' id='word_1_264' title='bbox 723 4247 866 4310; x_wconf 90' lang='lat' dir='ltr'>conclusi</span> <span class='ocrx_word' id='word_1_265' title='bbox 891 4251 943 4328; x_wconf 66' lang='lat' dir='ltr'>sl«.</span> <span class='ocrx_word' id='word_1_266' title='bbox 1018 4251 1090 4333; x_wconf 82' lang='lat' dir='ltr'>Ego</span> <span class='ocrx_word' id='word_1_267' title='bbox 1121 4251 1297 4315; x_wconf 85' lang='lat' dir='ltr'>Godwinus</span> <span class='ocrx_word' id='word_1_268' title='bbox 1326 4253 1391 4317; x_wconf 84' lang='lat' dir='ltr'>dux</span> 
     </span>
     <span class='ocr_line' id='line_1_39' title="bbox 284 4350 1391 4440; baseline -0.001 -19"><span class='ocrx_word' id='word_1_269' title='bbox 284 4357 391 4422; x_wconf 88' lang='lat' dir='ltr'>Amen</span> <span class='ocrx_word' id='word_1_270' title='bbox 420 4353 486 4417; x_wconf 85' lang='lat' dir='ltr'>dixi</span> <span class='ocrx_word' id='word_1_271' title='bbox 501 4355 553 4435; x_wconf 51' lang='grc' dir='ltr'>ᾧ.</span> <span class='ocrx_word' id='word_1_272' title='bbox 621 4353 692 4434; x_wconf 84' lang='lat' dir='ltr'>Ego</span> <span class='ocrx_word' id='word_1_273' title='bbox 722 4350 890 4415; x_wconf 84' lang='lat' dir='ltr'>Leofricus</span> <span class='ocrx_word' id='word_1_274' title='bbox 919 4352 983 4416; x_wconf 77' lang='lat' dir='ltr'>dux</span> <span class='ocrx_word' id='word_1_275' title='bbox 1009 4354 1180 4417; x_wconf 75' lang='lat' dir='ltr'>testificari</span> <span class='ocrx_word' id='word_1_276' title='bbox 1200 4356 1251 4436; x_wconf 55' lang='grc' dir='ltr'>ᾧ.</span> <span class='ocrx_word' id='word_1_277' title='bbox 1319 4358 1391 4440; x_wconf 77' lang='lat' dir='ltr'>Ego</span> 
     </span>
    </p>
   </div>
   <div class='ocr_carea' id='block_1_5' title="bbox 0 0 1620 5125">
    <p class='ocr_par' dir='ltr' id='par_1_7' title="bbox 0 0 1620 5125">
     <span class='ocr_line' id='line_1_40' title="bbox 0 0 1620 5125; baseline 0 2"><span class='ocrx_word' id='word_1_278' title='bbox 0 0 1620 5125; x_wconf 95' lang='lat' dir='ltr'> </span> 
     </span>
    </p>
   </div>
  </div>
 </body>
</html>
