3234 5125
288 455 340 508 114
559 449 884 508 MISGELLANEOUS
903 447 1117 506 CHARTERS.

287 647 402 711 scopus
416 625 563 691 consensi
578 633 612 690 et
621 623 805 708 subscripsi.
844 628 885 706 ›1‹
902 625 973 708 Ego
984 623 1120 688 Albhun
1136 621 1303 706 episcopus
1317 641 1394 685 con-

288 729 374 793 sensi
396 737 430 792 et
450 727 632 812 subscripsi.
667 727 719 809 ’ᾧ
736 727 807 810 Ego
827 725 988 792 Berhtred
1011 725 1178 810 episcopus
1195 723 1343 789 consensi
1361 731 1395 787 et

288 831 470 916 subscripsi.
551 834 591 913 ›1‹
607 833 678 914 Ego
703 831 859 895 Cubwulf
884 829 1050 914 episcopus
1079 825 1226 892 consensi
1255 833 1290 891 et
1318 825 1394 890 sub-

287 935 408 1018 scripsi.
466 938 505 1017 *1⁴
523 936 594 1016 Ego
618 934 796 998 Hunberht
822 932 897 996 dux.
952 935 992 1014 ’Β
1009 933 1080 1016 Ego
1102 929 1295 1022 AEpelheard
1317 929 1392 992 dux.

288 1039 328 1118 ›1‹
344 1039 415 1120 Ego
438 1038 611 1101 Beomnoc
641 1036 714 1099 dux.
784 1039 823 1118 ›1‹
840 1037 912 1118 Ego
940 1035 1092 1098 Beomob
1122 1033 1197 1096 dux.
1265 1034 1305 1113 ›1‹
1321 1033 1394 1115 Ego

285 1140 445 1205 Aldberht
461 1140 536 1203 dux.
582 1142 623 1220 ᾧ
639 1141 711 1222 Ego
725 1139 901 1203 Werberht
916 1137 991 1202 dux.
1038 1140 1079 1218 ᾧ
1095 1137 1167 1219 Ego
1187 1135 1300 1199 Mucel
1316 1134 1392 1199 dux.
1418 1131 1422 1138 ’

287 1247 327 1326 ›1‹
344 1246 415 1327 Ego
446 1242 620 1332 AEpelwulf
645 1243 721 1306 dux.
797 1246 838 1324 ›1‹
854 1243 925 1325 Ego
951 1241 1085 1306 Omund
1115 1240 1190 1303 dux.
1265 1242 1306 1320 ›1‹
1322 1237 1393 1322 Ego

285 1345 453 1412 Bernhard
469 1345 543 1409 dux.
590 1347 630 1426 ›1‹
647 1346 717 1428 Ego
732 1345 872 1428 Esdgar.
918 1348 959 1426 ›1‹
975 1346 1047 1427 Ego
1062 1341 1220 1408 Endwull.
1265 1343 1305 1422 ›1‹
1321 1341 1394 1424 Ego

284 1449 469 1514 Werberbt.
526 1451 566 1530 ›1‹
584 1449 654 1531 Ego
669 1447 840 1512 Aldberbt.
891 1451 932 1529 ᾧ
947 1447 1020 1530 Ego
1035 1445 1219 1509 Ciolmund.
1266 1446 1306 1525 ›1‹
1322 1444 1394 1526 Ego

285 1553 435 1619 Baldred.
514 1555 555 1633 ᾧ
572 1552 643 1634 Ego
663 1551 785 1614 Mucel.
864 1554 905 1632 ᾧ
921 1551 992 1634 Ego
1012 1548 1193 1638 AEpelwulf.
1265 1551 1306 1629 ᾧ
1322 1547 1393 1629 Ego

287 1655 436 1720 Baldred.
482 1657 522 1736 ›1‹
537 1655 608 1737 Ego
623 1653 826 1738 AEbelheard.

880 1867 1043 1874 ——.
1056 1868 1080 1875 .-

461 2005 558 2060 KJNG
576 2005 766 2060 BURHRED
784 2005 833 2059 OF
850 2003 1009 2060 MERCIA.
1046 2005 1215 2062 DCCCLV.

330 2157 371 2235 ›1‹
389 2154 558 2237 Regnante
580 2153 616 2216 in
637 2161 829 2237 perpetuum
853 2153 925 2235 agio
947 2163 980 2217 et
1002 2153 1069 2216 alto
1086 2152 1248 2218 Prosetori
1269 2161 1391 2230 nostro,

285 2256 503 2319 univcrsitatis
534 2257 687 2320 Creatore
712 2255 747 2317 in
777 2256 968 2319 saeculorum
996 2255 1122 2319 sarcula
1152 2257 1270 2318 Amen.
1322 2254 1393 2336 Ego

285 2357 414 2442 quidem
439 2358 637 2436 Bur-hredde,
661 2357 974 2441 omnipotentissimo
996 2359 1139 2423 Domino
1160 2358 1317 2441 largiente
1337 2378 1393 2420 rex

284 2462 494 2542 Merciorum,
520 2461 645 2525 donabo
670 2481 707 2524 eo
729 2460 835 2540 trado,
854 2482 913 2545 pro
932 2461 1153 2545 redemptione
1170 2461 1287 2524 animae
1300 2481 1392 2536 mese,

285 2574 318 2629 et
335 2586 393 2648 pro
411 2564 613 2629 absolutione
631 2565 855 2648 peccaminum
874 2584 1032 2643 meorum,
1049 2573 1082 2629 et
1101 2586 1159 2649 pro
1181 2586 1238 2649 spe
1257 2586 1394 2647 superne

191 2658 195 2666 ’
283 2666 561 2746 remunerationis,
599 2688 672 2732 meo
707 2668 801 2732 fidele
833 2676 867 2731 et
897 2689 1028 2752 percaro
1058 2668 1193 2752 praesule
1223 2676 1257 2731 et
1290 2668 1393 2735 amico

283 2772 433 2836 Albwino
456 2771 553 2856 hujus
575 2771 734 2835 libertatis
760 2771 1016 2835 munificentiam
1040 2779 1073 2835 et
1097 2770 1246 2835 donatio:
1277 2770 1391 2848 idest,

282 2875 516 2939 monasterium
538 2874 622 2957 quod
647 2874 834 2938 nominatur
854 2874 1079 2952 Bloccanleeb,
1105 2873 1249 2938 liberabo
1270 2872 1352 2936 illud
1373 2895 1393 2935 a

283 2987 378 3061 pastu
398 2987 432 3041 et
455 2977 494 3041 eb
516 2977 692 3041 refectione
714 2977 861 3041 omnium
891 2977 1087 3060 ancipitrum
1113 2984 1146 3039 et
1170 2976 1334 3039 falconum
1357 2975 1393 3038 in

283 3086 369 3143 terra
388 3078 618 3156 Mercensium,
635 3088 668 3142 et
685 3079 832 3142 omnium
850 3088 1041 3143 venatorum
1055 3079 1140 3162 ragis
1157 3078 1208 3142 vel
1227 3078 1392 3162 principis,

283 3179 346 3244 nisi
375 3182 519 3263 ipsorum
548 3188 683 3253 tautum¹
708 3182 763 3265 qui
792 3181 829 3245 in
857 3182 1023 3265 provincia
1053 3183 1273 3246 Hwicciorum
1296 3189 1391 3259 sunt;
1436 3194 1446 3209 ·

284 3283 432 3347 similiter
447 3289 479 3347 et
494 3304 513 3345 a
527 3288 623 3366 pastu
637 3291 669 3347 et
684 3283 858 3348 refectione
878 3285 1009 3349 illorum
1029 3285 1198 3358 hominum
1212 3306 1293 3368 quos
1313 3285 1393 3349 sax·

284 3386 374 3451 onice
391 3386 597 3449 nominamus
611 3386 833 3451 Wahlfaereld·
860 3408 879 3469 3
901 3388 1000 3451 heora
1016 3388 1193 3471 testing-3
1213 3388 1300 3452 ealra
1322 3391 1387 3453 An·

284 3488 456 3573 gelcynnes
480 3508 639 3571 monna]
667 3489 858 3574 aelbeodigra
883 3491 1126 3574 raedelaestinge,
1144 3500 1213 3555 tam
1234 3492 1393 3555 nobilium

284 3612 381 3674 quam
407 3591 618 3674 ignobilium:
649 3590 787 3656 istorum
809 3593 955 3658 omnium
977 3594 1044 3657 sint
1069 3593 1198 3658 liberati
1220 3596 1391 3677 praenomi-

282 3701 434 3757 natorum
448 3692 484 3756 in
498 3700 699 3777 perpetuum,
711 3696 864 3779 quamdiu
874 3696 1059 3760 Christiana
1072 3697 1152 3761 fides
1162 3696 1197 3760 in
1208 3698 1394 3762 Brittannis

283 3796 389 3859 insula
410 3804 488 3880 aput
503 3797 626 3879 Anglos
647 3806 839 3880 perseverat.
884 3800 1020 3883 Propter
1035 3798 1132 3883 hujus
1150 3800 1277 3883 praefoti
1295 3800 1392 3865 liber·

283 3898 360 3963 tatis
377 3898 560 3977 donatione,
583 3899 637 3963 ille
659 3900 825 3984 episcopus
839 3902 1005 3965 Albuuinc
1024 3902 1106 3965 mihi
1126 3902 1267 3967 donabat
1285 3902 1392 3987 placa·

281 4000 381 4066 bilem
396 3999 546 4085 pretium,
563 4001 624 4065 hoc
639 4010 688 4066 est
703 4012 883 4066 coctorum
899 4004 1076 4069 solidorum
1090 4005 1127 4068 in
1141 4014 1286 4087 argento,
1301 4012 1339 4069 ut
1354 4028 1393 4070 eo

282 4103 412 4169 liberior
441 4103 649 4187 perfruantur
678 4105 775 4188 hujus
796 4127 878 4169 meae
899 4107 1065 4171 elimosina
1087 4108 1122 4170 in
1145 4116 1304 4172 eternum.
1356 4110 1392 4172 Si

151 4276 159 4291 ‚
282 4209 353 4292 quis
370 4216 479 4272 autem
495 4208 581 4272 banc
595 4207 803 4273 donationem
818 4210 868 4273 vel
887 4210 1071 4275 libertatem
1086 4232 1192 4275 meum
1212 4232 1288 4275 cnm
1307 4212 1393 4277 bona

281 4311 448 4375 voluntate
465 4330 583 4395 augere
598 4311 649 4375 vel
669 4332 804 4389 semare,
821 4320 879 4376 aut
896 4313 932 4376 in
947 4313 1098 4377 omnibus
1112 4313 1275 4378 custodire
1294 4336 1390 4379 cona·

280 4413 373 4491 verit,
385 4414 466 4477 sciat
480 4434 514 4477 se
529 4413 564 4477 in
580 4412 750 4479 celestibus
766 4414 882 4479 babere
896 4416 1096 4482 consortium
1107 4436 1181 4480 cum
1188 4416 1296 4499 justis,
1308 4426 1343 4482 et
1357 4418 1393 4481 in
