3234 5125
491 461 811 517 MISOELLANuous
829 462 1042 519 CHARTERS.
1286 467 1320 518 63

262 629 301 709 »1⁴
318 629 389 713 Ego
405 632 542 696 Uulfrod
562 634 666 717 grstia
690 635 752 698 Dei
767 636 952 720 archiepisc.
974 639 1068 721 siguo
1089 647 1199 702 sancte
1221 637 1323 702 crucis

216 727 337 794 Christi
353 733 484 798 firmans
500 736 682 819 subscripsi.

262 835 302 913 ›1‹
319 835 390 918 Ego
405 837 577 902 Uuernoth
593 841 631 921 p'r'
645 840 694 902 sb,
711 837 783 903 ooli.
799 859 818 922 Ἰ
836 841 1019 926 subscripsi.

262 938 301 1016 ›1‹
317 937 388 1021 Ego
402 939 600 1004 Wulshenrd
615 943 652 1024 pi
667 941 738 1006 oofi.
754 962 773 1024 Ἰ
790 943 860 1005 sub.

262 1039 301 1118 ᾖ
318 1040 389 1122 Ego
405 1041 579 1106 Hosmund
594 1045 632 1126 pi
646 1043 719 1107 oofi.
735 1063 753 1126 Ἰ
772 1046 842 1108 sut.
871 1090 873 1095 -

264 1143 304 1222 »Β
321 1143 393 1226 Ego
407 1144 529 1208 Osunli
538 1148 577 1229 p'r'
590 1144 662 1209 oofi.
678 1166 697 1228 Ἰ
714 1148 784 1210 sub.

264 1245 302 1326 >1⁴
319 1245 390 1328 Ego
405 1246 556 1310 Coolstsn
570 1251 609 1331 pi
623 1249 695 1312 oofi.
711 1268 729 1331 Ἰ
748 1252 819 1313 suh.

263 1348 302 1428 ›1‹
318 1349 390 1430 Ego
404 1348 518 1412 'budda
531 1353 569 1433 pi
584 1348 655 1414 oofi.
671 1368 690 1432 Ἰ
707 1353 776 1415 sub.

263 1453 303 1531 ›1‹
318 1451 391 1533 Ego
405 1451 567 1515 Diornoth
581 1454 620 1535 pi
633 1454 705 1518 cofi.
723 1473 742 1535 Ἰ
759 1456 829 1518 sub.

262 1555 303 1634 '1⁴
318 1553 389 1636 Ego
404 1552 597 1617 Gutbmund
612 1558 650 1637 pi
664 1555 735 1620 oofi.
751 1575 770 1637 Ἰ
788 1558 857 1619 suls.

263 1655 301 1736 ›1‹
318 1656 389 1738 Ego
404 1655 586 1720 Outbberbt
600 1659 638 1740 pi
652 1656 725 1722 cori.
739 1677 760 1740 Ἰ
778 1660 847 1722 sub.

262 1759 302 1838 ᾖ
318 1756 389 1840 Ego
404 1755 562 1822 Coenhcre
577 1757 649 1823 oofi.
667 1779 686 1841 Ἰ
704 1761 773 1824 sub.

261 1861 301 1940 *1⁴
317 1860 388 1942 Ego
403 1859 595 1924 Bruuhesrd
609 1859 680 1926 oofi.
696 1880 715 1944 Ἰ
733 1865 800 1926 sub.

212 2031 214 2036 ,
262 1963 302 2043 ›1‹
317 1961 388 2045 ligo
404 1961 576 2027 Haehfertb
591 1963 662 2028 coli.
678 1984 697 2047 Ἰ
714 1967 783 2028 sub.

383 2422 480 2477 KING
499 2411 693 2479 CENWULF
709 2425 758 2479 OF
776 2425 935 2481 MERCIA.
973 2427 1159 2484 uocum.

263 2573 303 2653 ᾖ
319 2571 361 2636 Ιιι
385 2569 516 2635 nomine
539 2571 603 2636 Dei
629 2580 663 2635 et
686 2572 820 2637 Domini
845 2574 949 2638 nostri
973 2574 1076 2641 Jhosu
1098 2575 1231 2655 Christi,
1253 2575 1322 2642 veri

220 2672 444 2756 Redemptoris
470 2671 594 2737 mundi.
659 2674 757 2738 Anno
786 2697 862 2740 vcro
890 2676 1062 2742 Dominice
1090 2678 1321 2741 incarnationis

220 2796 391 2854 ncoonxr,
402 2776 588 2841 Indicoione
603 2796 707 2855 xmo,
723 2797 784 2860 ogo
796 2779 972 2843 Coenulfus
989 2800 1046 2843 rex
1060 2779 1269 2857 Merciomm,
1279 2778 1321 2843 ab

218 2879 329 2943 eodem
350 2880 420 2943 Deo
444 2886 477 2941 et
496 2877 638 2943 Domino
655 2886 776 2958 nostro,
798 2880 925 2964 populis
944 2890 978 2945 et
1000 2880 1147 2945 tribubus
1167 2881 1319 2964 praeordi·

217 2990 312 3046 nctus
325 2982 361 3044 in
374 3002 493 3066 regem,
506 3002 590 3045 anno
604 2980 730 3065 imperii
751 2983 854 3047 nostri
868 3004 954 3061 mu,
969 2983 1018 3047 fui
1036 2990 1167 3065 rogatus
1186 2984 1228 3049 sb
1245 3005 1320 3067 spo-

217 3085 329 3149 stolica
352 3082 436 3162 scde,
460 3105 517 3168 per
542 3084 746 3168 privilegium
771 3084 883 3149 domni
905 3084 1072 3168 apostolici
1096 3085 1319 3168 gloriosissimi

218 3187 336 3251 Leonis
354 3207 452 3271 papae,
477 3194 510 3253 et
533 3206 590 3269 per
616 3186 805 3251 Rethunum
827 3186 1042 3253 venerabilem
1062 3188 1257 3271 episcopum,
1283 3196 1323 3252 ut

217 3288 346 3353 sibimet
371 3288 421 3353 vol
443 3288 510 3351 suis
531 3287 719 3372 propinquis
741 3310 798 3353 seu
819 3289 889 3373 ipsu
910 3290 1032 3354 familis
1053 3312 1115 3373 que
1135 3289 1263 3355 hsbitst
1285 3291 1321 3355 in

217 3392 411 3457 monasterio
422 3390 507 3475 quod
518 3389 617 3455 situm
629 3390 727 3457 ostiu
741 3390 946 3457 Abbnndune
959 3391 1091 3457 oocloeie
1100 3392 1187 3476 quod
1201 3392 1321 3459 ibidem

217 3494 400 3559 dedicatum
415 3501 464 3558 cst
480 3493 516 3557 in
535 3492 657 3557 honoro
672 3500 781 3559 sancte
801 3494 908 3559 Mario
923 3515 1049 3578 semper
1062 3494 1197 3578 virginis
1210 3504 1244 3560 ot
1258 3496 1322 3563 Dei
1370 3508 1374 3516 '

217 3598 391 3680 genitricis,
418 3595 548 3661 dominc
569 3603 690 3675 nostro,
713 3604 751 3661 nt
774 3595 856 3660 illud
879 3597 1113 3663 monasterium
1137 3598 1186 3663 vol
1212 3599 1322 3666 omnis

216 3700 286 3765 loca
301 3720 364 3784 quo
386 3698 554 3784 adipsum
576 3699 737 3782 pertinere
759 3698 980 3778 dinoscuntur,
1004 3720 1079 3765 cum
1100 3698 1196 3765 rebus
1217 3700 1319 3767 mobi-

216 3802 301 3866 libus
316 3810 349 3867 et
363 3800 591 3881 immobilibus,
607 3802 642 3867 in
661 3802 749 3867 notis
768 3802 873 3867 causis
887 3809 921 3866 et
935 3801 1067 3885 ignotis,
1078 3802 1114 3865 in
1132 3802 1267 3867 modicis
1287 3811 1322 3866 et

216 3903 252 3967 in
265 3904 402 3989 msgnis,
411 3904 447 3967 in
462 3904 620 3988 [nomine]
639 3904 772 3969 Domini
784 3905 848 3969 Dei
858 3904 1090 3988 omnipotentis
1100 3913 1133 3968 et
1143 3903 1320 3970 bestiaeimi

216 4007 306 4070 Petri
327 4005 481 4090 principis
503 4007 731 4099 apostolorum,
756 4005 880 4087 donnus
902 4005 1028 4071 donabo
1050 4008 1214 4091 perpetuis
1236 4014 1319 4071 tem-

216 4110 346 4193 poribus
372 4117 517 4174 eternam
538 4109 733 4187 libertatem,
751 4110 786 4173 in
809 4118 918 4175 sancto
940 4108 1108 4174 Trinitatis
1130 4108 1319 4193 patrocinio,

216 4213 326 4278 omnis
347 4213 419 4279 loos
440 4210 481 4275 sd
503 4210 671 4294 praefatum
693 4212 926 4277 monasterinm
950 4211 1158 4295 pertinentia,
1181 4232 1321 4295 quorum

216 4314 299 4378 iufra
321 4314 531 4378 nominantur
552 4314 701 4379 nominc:
733 4314 925 4393 Culsnhom,
950 4313 1146 4397 Cbonigtuu,
1170 4315 1319 4396 chgss·

217 4418 328 4500 tcscig,
339 4419 535 4496 Cumanora,
545 4415 804 4495 Esrmundelaeh,
812 4418 933 4494 Estun,
945 4416 1205 4501 Sunniggcwille,
1216 4414 1320 4480 Sond-
