3234 5125
470 438 791 495 MISCELLANEOUS
811 438 1026 494 CHARTERS.
1248 436 1302 489 425

420 665 517 721 KING
535 663 735 720 EADWARD
753 665 832 720 THE
850 663 1079 721 CONFFSSOR„

244 815 284 895 ›1‹
300 813 476 878 Counrron
497 813 558 877 celi
575 821 724 896 terreque
745 812 846 890 Deus,
865 813 1076 876 universitate
1096 811 1198 876 totius
1217 831 1305 875 crea-

199 922 272 978 ture
289 916 329 980 de
348 915 469 980 nichilo
489 915 637 999 perfecta,
653 914 794 1000 primum
812 914 977 979 hominem
995 915 1035 979 de
1051 915 1132 979 limo
1145 914 1306 992 formavit,

200 1039 337 1101 eumque
363 1017 404 1081 ad
432 1017 606 1100 imaginem
637 1039 729 1081 suam
758 1017 981 1101 configuravit,
1007 1018 1060 1082 cui
1093 1025 1126 1082 et
1161 1018 1307 1082 omnium

200 1141 332 1204 operum
354 1139 487 1183 suorum
511 1117 672 1183 dominari
697 1121 860 1204 praecepit,
883 1141 922 1184 ea
942 1120 1091 1186 videlicet
1112 1119 1248 1198 ratione,
1268 1128 1308 1183 ut

201 1222 299 1287 homo
323 1221 525 1287 rationabilis
542 1221 757 1287 irrationabili
777 1230 926 1287 uteretur
947 1232 1106 1303 creatura,
1128 1244 1186 1307 per
1209 1244 1305 1306 quam

202 1325 272 1388 Deo
297 1324 365 1408 ipse
392 1325 532 1388 serviens
555 1324 710 1403 obediret,
736 1331 769 1388 et
795 1324 975 1389 obediendo
998 1326 1184 1390 Creatorem
1205 1325 1306 1389 hono-

201 1433 296 1490 raret.
342 1426 469 1490 Deinde
486 1425 677 1490 succedente
694 1427 903 1510 generatione
916 1428 951 1490 in
967 1427 1209 1510 generationem
1223 1433 1306 1490 tem-

201 1530 255 1614 pla
268 1537 302 1593 et
316 1528 465 1593 ecclesias
480 1528 549 1592 fieri
564 1528 776 1608 constituens,
792 1529 833 1593 de
847 1529 1004 1614 primiciis
1019 1538 1052 1593 et
1067 1528 1200 1594 decimis
1215 1551 1253 1593 ac
1268 1528 1307 1592 de

203 1631 385 1696 substancia
409 1651 467 1694 sue
494 1630 676 1714 largitionis
699 1651 753 1695 eas
778 1631 813 1694 in
837 1633 969 1695 nomine
990 1653 1050 1696 suo
1067 1631 1219 1697 honorari
1236 1652 1307 1714 pre·

202 1730 287 1814 cepit
297 1756 306 1809 ;
329 1730 461 1814 insuper
484 1737 517 1793 et
537 1750 594 1814 per
611 1728 822 1813 ewangelium
842 1750 901 1794 nos
920 1731 1085 1795 instruens
1105 1731 1169 1794 ait:
1194 1730 1307 1794 “'Pbe-

202 1833 358 1898 sauriaate
380 1833 471 1898 vobis
494 1833 662 1898 thesauros
683 1834 718 1896 in
741 1833 844 1913 celo,''
865 1843 899 1898 et
920 1835 1055 1917 reliqua.
1101 1833 1324 1918 Quapropter·

203 1959 263 2020 ego
280 1936 486 2014 Eadrvardus,
508 1934 738 2018 Regis'regum
753 1936 869 2020 gratia,
888 1958 943 2001 rex
963 1945 997 2001 et
1014 1936 1198 2019 Anglorum
1218 1937 1306 2020 prin-

203 2061 287 2124 ceps,
303 2046 377 2124 post
391 2038 522 2122 longam
533 2038 761 2117 exiliationem,
778 2040 877 2103 solius
892 2039 1073 2103 miserentis
1088 2039 1151 2104 Dei
1164 2045 1258 2118 nutu,
1273 2038 1309 2102 in

202 2163 302 2225 regno
327 2162 400 2206 meo
428 2161 584 2219 reversus,
608 2150 643 2206 et
667 2141 703 2203 in
727 2141 808 2205 solio
831 2148 960 2225 patrum
983 2163 1131 2206 meorum
1156 2141 1308 2219 residens,

204 2244 369 2309 ecclesiam
385 2266 493 2328 quam,
508 2243 643 2308 hortatu
662 2242 751 2307 beati
764 2245 953 2327 Augustini,
969 2265 1025 2307 rex
1040 2243 1257 2321 AEthelberht,
1273 2244 1309 2307 in

204 2343 325 2411 honore
345 2346 561 2430 apostolorum
582 2345 672 2409 Petri
696 2354 730 2408 et
750 2345 855 2423 Pauli,
875 2367 895 2408 a
910 2345 1122 2410 fiindamento
1140 2347 1309 2410 constituit

204 2449 400 2532 diversisque
414 2448 507 2512 donis
525 2447 651 2524 ditavit,
669 2447 704 2510 in
722 2468 786 2530 qua
804 2447 906 2530 ipsius
924 2448 1009 2531 regis
1028 2455 1061 2511 et
1078 2447 1224 2512 omnium
1242 2447 1310 2532 epi-

204 2574 372 2637 scoporum
384 2552 504 2617 Cancie
519 2572 556 2615 ac
564 2572 675 2633 regum
692 2571 826 2634 corpora
835 2551 913 2634 poni
925 2559 1063 2634 possent,
1074 2572 1148 2615 cum
1159 2551 1308 2616 omnibus

205 2655 400 2740 appendiciis
414 2655 465 2719 vel
480 2652 672 2737 adjacenciis
690 2652 767 2730 suis,
784 2652 919 2716 liberam
934 2673 1003 2716 esse
1018 2673 1126 2716 annuo
1141 2661 1174 2716 et
1188 2661 1307 2718 statuo.

206 2762 316 2824 Quum
343 2758 474 2841 quidem
496 2758 532 2820 in
554 2756 667 2821 eadem
697 2756 832 2820 ecclesia
852 2755 1056 2839 supradictus
1077 2778 1134 2819 rex
1160 2756 1309 2820 conditus

201 2865 297 2946 jacet,
320 2862 453 2945 ejusque
474 2860 584 2943 stirpis
606 2860 776 2943 progenita
797 2859 868 2922 Deo
890 2859 1008 2922 dilecta
1026 2859 1199 2942 requiescit
1217 2859 1309 2942 virgo

206 2964 400 3041 mildretha,
425 2984 485 3046 ego
503 2962 604 3027 eciam
623 2962 766 3045 ejusdem
787 2962 871 3044 regis
891 2969 1028 3026 stemate
1042 2971 1145 3039 ortus,
1161 2971 1195 3026 et
1208 2984 1309 3045 regno

207 3068 276 3151 ejus
302 3067 373 3131 Deo
399 3066 543 3149 juvante,
573 3064 705 3147 potitus,
732 3066 873 3129 'lanatos
905 3064 1044 3127 insulam
1077 3066 1179 3143 trado,
1211 3086 1308 3148 quam

209 3170 392 3253 Hegbertus
416 3189 472 3232 rex
498 3168 571 3251 jure
600 3166 793 3230 hereditario
822 3166 981 3231 concessit
1004 3167 1176 3232 venerabili
1199 3168 1310 3251 regine

207 3275 387 3349 Domneue,
414 3270 509 3334 matri
539 3270 660 3333 sedicet
686 3270 804 3335 Sancte
828 3268 1017 3347 Mildrethc,
1040 3277 1198 3353 quantum
1218 3291 1311 3335 cerva

206 3397 301 3441 cursu
325 3396 384 3438 suo
413 3374 615 3451 lustraverat,
642 3393 700 3455 pro
730 3372 978 3455 interemptione
1007 3371 1144 3435 duorum
1173 3372 1308 3437 fratrum

206 3482 275 3563 ejus
295 3476 477 3542 AEthelredi
499 3484 595 3558 atque
615 3474 827 3559 AEthelbryti,
845 3496 935 3558 quos,
948 3476 1043 3558 jussu
1061 3476 1205 3559 ejusdem
1222 3477 1310 3560 prin-

205 3582 296 3665 cipis,
320 3582 391 3645 Deo
410 3579 538 3643 odibilis
552 3578 689 3642 Thunur
707 3578 820 3660 iniqua
839 3577 954 3641 stravit
972 3584 1096 3641 morte:
1120 3600 1216 3662 quem
1235 3600 1311 3642 mox

205 3684 331 3749 celestis
345 3681 431 3746 ulcio
445 3680 635 3744 terribiliter
649 3680 823 3743 subsecuta
833 3687 883 3743 est
896 3680 1003 3764 ipsum
1023 3680 1230 3763 perimendo,
1254 3681 1310 3745 sed

206 3796 239 3850 et
253 3806 365 3850 omnes
379 3783 567 3848 donationes
581 3782 818 3867 possessionum
841 3782 890 3846 vel
905 3783 1094 3848 facultatum
1111 3805 1191 3865 quas
1204 3783 1310 3867 prisco

204 3890 270 3954 sive
284 3888 438 3952 moderno
452 3898 596 3969 tempore
610 3884 856 3969 praedecessores
872 3886 936 3948 mei
950 3905 1042 3967 reges
1057 3884 1162 3948 eidem
1177 3885 1309 3949 ecclesie

207 3992 424 4067 contulerunt,
450 3996 483 4052 et
511 4009 571 4071 ego
599 3988 689 4071 regia
712 3993 871 4070 potestate
900 3986 1065 4065 contrado,
1091 3996 1189 4069 atque
1218 3985 1310 4051 firma

207 4093 443 4178 astipulatione,
485 4112 558 4155 cum
599 4110 755 4153 consensu
789 4096 823 4150 et
858 4088 1043 4153 testimonio
1079 4088 1310 4171 episcoporum,

206 4197 335 4274 ducum,
362 4195 553 4279 principum,
581 4200 612 4256 et
639 4192 813 4256 satellitum
844 4212 1000 4267 meorum,
1025 4190 1132 4253 abbati
1153 4190 1312 4254 AElfstano

209 4322 245 4362 ac
261 4298 426 4363 monacbis
444 4296 574 4373 ibidem,
590 4294 650 4357 sub
668 4294 780 4377 regula
797 4294 885 4357 beati
904 4293 1072 4358 Benedicti
1091 4293 1225 4371 abbatis,
1242 4294 1313 4358 Deo

209 4402 432 4479 militantibus,
453 4399 494 4462 ad
517 4397 665 4462 habenda
691 4406 723 4460 et
749 4397 940 4480 perfruenda
960 4396 1021 4459 sibi
1046 4403 1199 4479 perpetua
1217 4397 1313 4463 liber·
