3234 5125
471 436 792 494 MISOELLANDOUS
810 438 1025 495 ennomus.
1268 442 1300 494 15

197 630 265 675 esse
280 609 469 689 dinoscitur,
484 609 519 673 iu
540 610 627 674 idem
644 610 789 676 omnium
811 610 977 675 Saxonicoe
993 610 1100 694 gentis
1122 610 1301 675 archiman-
1330 606 1336 617 ’

197 714 366 793 dritam
380 734 455 779 cnm
475 713 592 797 regalis
610 721 797 798 potentatus
817 735 949 779 assensu
964 721 997 777 et
1011 714 1204 797 pontificalis
1217 712 1302 796 prio·

197 824 288 881 ratus
316 824 401 881 nutu
430 816 593 881 consensit
619 816 804 882 auctoritas.
850 816 888 881 Si
909 816 982 901 quis
1003 837 1079 881 vero
1101 823 1215 881 eontra
1235 816 1304 880 haec

198 927 266 984 tem
295 918 471 983 illustrium
500 939 711 1003 personarum
736 918 866 983 decreta
894 917 1002 984 moliri
1030 913 1243 997 machinetur,
1271 927 1304 982 et

197 1042 288 1087 sacra
302 1022 469 1107 presentis
483 1021 622 1087 scedulus
644 1022 726 1087 scita
743 1022 945 1107 praevaricari
959 1023 1208 1109 presumpserit,
1224 1022 1305 1087 sciat

199 1147 233 1190 se
259 1133 335 1190 ante
356 1125 533 1190 terribilem
549 1125 666 1190 divinae
688 1126 875 1211 Majestatis
892 1127 1046 1190 thronum
1064 1146 1139 1190 cum
1156 1125 1304 1210 pracvari-

198 1228 361 1295 cctoribus
385 1237 619 1313 preceptorum
639 1228 773 1294 Domini
792 1228 924 1312 lugubri
945 1226 1163 1293 damnationis
1181 1227 1305 1313 judicio

199 1333 448 1418 percellendum.
484 1334 569 1397 Sunt
584 1341 693 1397 autem
704 1332 773 1397 hnc
783 1332 918 1397 nomina
925 1331 1205 1410 monasteriorum,
1218 1330 1303 1395 Mul-

200 1433 389 1519 dubesberg,
405 1436 534 1513 Froom,
550 1433 763 1500 Bredaniord.
810 1434 938 1518 Scripta
953 1440 1003 1498 cst
1016 1432 1115 1518 hujus
1135 1433 1303 1499 confirma·

200 1538 298 1604 tionis
327 1538 451 1604 cartula
478 1559 564 1603 anno
594 1536 635 1603 ab
656 1536 879 1603 incarnatione
904 1536 1039 1602 Domini
1068 1535 1171 1602 nostri
1201 1536 1303 1601 Jhesu

201 1641 325 1707 Christi
340 1662 434 1707 nccv.
447 1640 632 1707 Indictione
647 1658 702 1705 ιιι.

252 2154 350 2211 KING
369 2152 617 2210 AE'l'HELBALD
636 2152 686 2209 OF
704 2152 865 2209 MEROIA.
902 2152 1259 2211 dccxvi-ocum.

250 2292 350 2379 {In
368 2300 501 2365 nomine
524 2299 658 2365 Domini
682 2298 795 2366 Jhcsu.
839 2300 911 2385 Ego
934 2300 1111 2382 AEdilbald
1134 2323 1174 2367 ex
1199 2300 1309 2366 divina

206 2403 442 2489 dispensatione
475 2402 696 2468 Meroensium
724 2423 791 2483 rex,
821 2411 954 2488 rogatus
989 2427 1009 2469 a
1040 2413 1153 2470 sancta
1185 2403 1309 2468 familia

207 2507 329 2575 Christi
348 2504 539 2572 consistenti
558 2504 593 2571 in
616 2506 685 2572 loco
700 2504 753 2571 cui
767 2526 888 2571 nomen
901 2513 952 2573 est
966 2506 1235 2592 Wigrsnccastre,
1251 2505 1309 2572 uli·

206 2634 303 2697 quem
324 2610 420 2695 agelli
445 2617 571 2695 partem
588 2609 623 2674 in
643 2629 706 2693 qua
725 2609 772 2673 sel
792 2609 908 2675 confici
930 2609 1021 2689 solet,
1038 2609 1078 2674 ad
1097 2610 1308 2674 meridianam

206 2716 334 2800 plagam
355 2713 500 2777 fluminis
517 2712 603 2797 quod
622 2711 737 2777 dicunt
759 2711 947 2797 Saluuerpe,
968 2711 1004 2776 in
1023 2711 1094 2777 loco
1116 2711 1172 2795 qui
1191 2711 1311 2777 dicitur

135 2873 146 2900 ,.
208 2818 351 2884 Lootuic
374 2824 407 2882 et
433 2815 622 2900 Coolbeorg,
646 2813 688 2879 ad
710 2813 943 2879 construendos
965 2829 1031 2879 tres
1053 2814 1178 2879 msulos
1199 2821 1233 2878 et
1254 2833 1310 2878 ser

208 2919 361 3000 caminos,
377 2941 435 3005 pro
456 2917 677 3004 redemptione
697 2917 804 2982 anime
822 2937 903 2998 mee,
918 2915 954 2982 in
971 2916 1186 2982 voluntariam
1206 2917 1307 3002 possi-

206 3024 304 3090 dendi
326 3023 520 3101 libertatem,
539 3019 716 3086 concedens
735 3017 885 3099 donab03
908 3039 964 3084 sex
988 3019 1105 3084 elioss
1126 3017 1310 3103 supradicta

208 3127 331 3192 Christi
345 3125 468 3190 familia
481 3122 635 3203 caminos,
644 3122 680 3186 in
695 3121 821 3188 duobus
835 3121 962 3201 onmis,
978 3121 1014 3186 in
1029 3122 1146 3206 quibus
1161 3121 1311 3186 similiter

207 3231 255 3295 sal
269 3229 446 3306 conficitur,
462 3227 596 3292 vicarios
612 3225 780 3309 accipiens,
791 3226 833 3290 ad
844 3223 1058 3310 aquilonalem
1073 3223 1222 3289 videlicet
1235 3246 1309 3308 par-

207 3341 276 3398 tem
292 3331 435 3396 fluminis
454 3327 623 3394 memorati
643 3328 696 3393 cui
710 3327 901 3394 vocabulum
916 3336 965 3392 cst
981 3327 1168 3412 Snlnuerpe.
1215 3327 1311 3391 Hanc

208 3445 317 3500 eutem
332 3441 479 3498 mutuam
488 3431 741 3497 vicissitudinem
756 3431 878 3495 idcirco
890 3429 1003 3495 fecisse
1017 3450 1077 3495 nos
1086 3436 1224 3510 constat,
1235 3429 1311 3513 quis

208 3537 352 3622 utrisque
366 3535 461 3601 nobis
474 3534 577 3619 magis
593 3541 704 3620 aptum
718 3553 788 3599 esse
803 3533 908 3597 visum
922 3541 983 3599 est.

255 3641 349 3706 Hanc
370 3647 479 3703 autem
500 3637 682 3702 libertatem
701 3657 761 3721 ego
780 3635 1004 3715 AEouhnldm,
1024 3655 1079 3700 rex
1100 3635 1310 3712 neruorum,

209 3743 303 3826 signo
325 3748 436 3805 sancte
459 3740 562 3805 cmm·
592 3738 798 3804 confirmabo.
844 3739 917 3822 Ego
938 3738 1110 3824 Eguuinus
1133 3739 1309 3823 episcopus.

209 3845 281 3930 Ego
304 3841 475 3907 Will'n'dus
494 3842 570 3908 dux.
614 3842 687 3927 Ego
709 3841 911 3927 AEpelunnrd
931 3840 1008 3907 dux.
1052 3843 1125 3926 Ego
1148 3840 1311 3925 Stronglic

210 3946 285 4011 dux.
331 3947 403 4030 Ego
430 3943 620 4029 Sigberhtus
649 3943 805 4009 minister.
857 3945 930 4028 Ego
959 3943 1125 4011 Endberht
1154 3944 1310 4009 minister.

211 4047 536 4135 EgoObaminister.
581 4047 652 4132 Ego
667 4045 796 4112 Eadwlf
806 4046 964 4112 minister.

512 4349 1006 4364 m
