3234 5125
628 344 712 400 MAN
715 344 898 401 UMISSION
900 346 928 401 S.
1275 346 1328 399 629

266 516 306 597 ›1‹
324 515 407 579 Haec
430 522 507 579 sunt
535 516 668 580 nomina
697 516 828 580 illorum
862 517 1031 581 hominum
1064 540 1144 601 quos
1178 518 1327 581 liberavit

221 618 347 698 AElfsie,
372 642 430 703 pro
455 620 563 684 anima
584 620 725 704 Esdgari
748 620 844 703 regis,
866 628 899 684 et
921 642 980 704 pro
1006 621 1114 685 anima
1137 643 1204 700 sua,
1232 643 1327 706 super

221 722 322 786 altare
346 723 458 787 Sancti
480 722 626 787 Petroci:
653 722 857 802 Guenttinet,
874 723 1067 801 Cenhuibel,
1088 722 1203 801 David,
1230 724 1326 786 Anan

218 833 318 906 prost,
344 846 452 889 coram
480 826 552 889 istis
578 825 734 889 testibus:
757 825 912 910 Byrbtsie
937 826 1114 909 presbyter,
1134 825 1209 888 Riol
1231 824 1325 903 diae,

219 926 333 991 Anaoc
347 927 492 1006 clericus,
507 927 647 992 'lidberd
664 927 810 1006 clericus,
827 928 1006 1012 Benjamen
1021 927 1164 991 clericus.

265 1033 305 1111 ›1‹
323 1030 397 1094 Hoc
411 1038 461 1093 est
474 1052 595 1095 nomen
609 1030 697 1094 illius
711 1030 856 1094 mulieris
871 1052 966 1113 qnam
982 1030 1130 1095 liberavit
1146 1031 1323 1095 Gratcant:

219 1130 385 1215 Ourdylyc
410 1153 484 1196 cnm
509 1133 576 1197 filio
596 1154 654 1197 suo
669 1132 792 1212 Wurci,
815 1154 916 1217 super
928 1133 1036 1216 ‚altare
1059 1133 1170 1197 Sancti
1186 1133 1324 1211 Petroci‚

106 1293 111 1299 .
219 1255 328 1297 coram
352 1234 423 1298 istis
445 1234 601 1300 testibus:
636 1235 757 1321 Hedyn
780 1234 948 1319 presbiter,
973 1238 1135 1300 Lowenan
1159 1235 1323 1313 diaconus,

219 1338 364 1401 Leucum
385 1338 526 1417 clericos,
546 1339 679 1425 Blebros
701 1338 846 1416 clericos,
866 1339 948 1402 Boia
973 1338 1159 1422 discipulae,
1175 1338 1325 1421 Cenmyn

218 1439 361 1519 clericos,
376 1441 590 1524 Benjammen
605 1440 745 1505 clericos

265 1543 338 1606 Hoc
361 1551 410 1607 est
433 1564 552 1607 nomen
577 1544 666 1607 illius
692 1542 847 1621 mulieris,
873 1543 907 1617 id
938 1551 988 1608 est
1008 1543 1222 1635 Madgnistyl,
1249 1564 1323 1608 cum

219 1642 370 1724 progenie
393 1664 462 1721 sua,
484 1642 518 1706 id
542 1651 601 1722 est,
617 1642 778 1721 Bleidiud‚
799 1642 973 1721 cherbon,
996 1642 1220 1729 Byrchtylym,
1244 1663 1324 1725 quos

218 1744 435 1809 liberavenmt
449 1746 557 1810 clerici
573 1745 685 1810 Sancti
700 1746 837 1823 Petroci‚
853 1766 949 1828 super
964 1745 1064 1809 altare
1082 1745 1169 1808 illius
1183 1744 1322 1824 Petroci‚

219 1868 277 1931 pro
292 1849 433 1913 remedio
447 1850 577 1934 Eadryd
592 1871 659 1928 rex,
670 1856 703 1912 et
717 1869 776 1932 pro
791 1848 959 1911 animabus
974 1847 1114 1927 illorum,
1131 1869 1239 1912 coram
1253 1847 1324 1912 istis

218 1951 374 2015 testibus:
407 1954 569 2036 Comuyre
587 1952 754 2036 presbiter,
770 1950 898 2016 Grifiud
913 1951 1081 2035 presbiter,
1099 1950 1223 2037 Oysian
1237 1972 1324 2035 pres·

217 2055 313 2134 biter,
330 2056 513 2120 Loumarch
527 2055 690 2133 diaconus,
702 2054 846 2140 Wudryt
857 2054 1002 2133 clericus,
1014 2055 1163 2118 Loucum
1178 2054 1323 2135 clericus,

218 2157 346 2221 'Pithert
361 2158 505 2222 clericus.

264 2260 342 2323 Haer
364 2261 427 2345 cyb
451 2281 494 2323 on
518 2265 616 2346 byson
643 2258 704 2323 be’c
725 2261 770 2352 b:
834 2259 923 2323 Here
952 2258 980 2323 is
1009 2258 1103 2323 made
1127 2260 1257 2339 known,
1288 2261 1322 2323 in

219 2361 358 2426 AElwold
381 2362 530 2445 gefreode
550 2360 682 2425 Hwfitri·
700 2361 751 2423 for
768 2361 770 2392 ¹
788 2360 855 2423 this
879 2360 975 2439 book,
998 2361 1071 2425 that
1097 2361 1233 2443 AElwold
1264 2362 1323 2427 has

217 2464 280 2549 hys
327 2466 433 2529 sawle·
480 2464 545 2548 a[t]
596 2464 750 2547 Petrocys
768 2419 770 2513 i
787 2461 876 2525 freed
900 2463 1031 2543 Hwatu,
1046 2463 1097 2528 for
1110 2464 1162 2527 bis
1183 2464 1265 2544 sonl,
1289 2473 1323 2529 at

218 2576 311 2632 stow·
330 2590 349 2631 a
370 2569 472 2652 degye
489 2587 508 2650 Ἰ
532 2567 622 2630 aeftcr
636 2566 748 2651 degye.
767 2517 770 2623 i
789 2567 932 2631 Petrcc's
948 2567 1040 2646 altar,
1056 2567 1171 2631 sorbis
1186 2567 1322 2652 dayand

218 2671 330 2754 Anp]
354 2671 465 2754 AElger
483 2692 521 2754 ys
543 2668 746 2753 gewyansse.
767 2630 871 2734 inser
902 2670 954 2733 sis
988 2669 1060 2754 say.
1111 2670 1188 2734 Ans
1213 2669 1322 2754 AElger

217 2795 237 2857 ]
263 2774 390 2838 Gotric·
416 2772 638 2855 Jwallotq
666 2772 749 2856 Gry·
788 2772 817 2836 is
844 2771 983 2852 witness,
1005 2773 1069 2838 and
1101 2773 1231 2852 Godric,
1258 2773 1322 2837 and

217 2879 301 2963 fyic.
319 2896 337 2958 ]
354 2877 564 2960 Bleyccufq
587 2875 748 2938 Salaman.
788 2874 944 2951 Walloth,
973 2875 1038 2938 and
1062 2875 1227 2960 Gryfyith,
1258 2876 1323 2939 and

215 2980 357 3062 ]hebbe
378 2979 420 3043 he
438 2978 547 3043 Gades
565 2997 672 3059 curs]
692 2979 750 3041 Sis
789 2977 974 3061 Bleytbcuf,
985 2977 1220 3041 andSelaman.
1245 2978 1322 3042 And

175 3110 178 3116 ’
219 3086 384 3148 Pctrccus·
416 3101 435 3164 ]
459 3082 547 3146 aeallc
572 3080 749 3165 Welkyncs
768 3076 770 3127 3
788 3081 869 3145 have
895 3080 937 3145 he
961 3080 1061 3145 God’s
1085 3102 1187 3160 curse,
1202 3081 1266 3145 and
1290 3083 1323 3145 S‘

216 3196 345 3252 sanctas
368 3188 406 3272 be
425 3189 450 3271 15
474 3185 570 3249 brece
591 3186 642 3250 5ae
663 3184 749 3269 ydon
789 3183 945 3262 Petroc's,
970 3183 1033 3248 and
1060 3183 1103 3248 all
1128 3182 1184 3247 the
1208 3184 1322 3248 Welsh

216 3313 265 3375 ys.
309 3292 427 3356 Amen.
768 3287 875 3405 ,kin’s
896 3287 1009 3366 saints,
1026 3287 1097 3350 who
1119 3287 1237 3352 violate
1256 3287 1322 3352 this

768 3389 894 3455 .which
908 3389 936 3452 is
951 3389 1045 3454 done.
1090 3391 1206 3454 Amen,

259 3495 432 3561 Custcntin
453 3494 602 3559 liberavit
621 3494 771 3571 Proscen,
794 3513 853 3576 pro
879 3493 988 3556 anima
1011 3514 1078 3572 sua,
1102 3514 1198 3576 super
1221 3493 1322 3557 altare

217 3599 330 3662 Sancti
344 3597 483 3675 Petroci‚
499 3617 607 3661 coram
628 3595 700 3659 istis
714 3594 872 3658 testibus:
896 3595 1046 3658 Mermen
1061 3596 1229 3678 presbiter,
1247 3597 1323 3660 Riol

214 3699 378 3778 diaconus,
404 3698 645 3782 Cantgueithen
673 3696 839 3776 diaconus,
868 3695 997 3760 'lithert
1019 3697 1164 3788 clericus,
1190 3704 1223 3761 et
1249 3698 1320 3762 aliis

214 3803 335 3867 multis.

260 3909 300 3987 ›1‹
316 3904 455 3968 Wulfsie
474 3903 642 3987 episcopus
659 3901 808 3966 liberavit
823 3900 933 3965 Aedoc
953 3901 1052 3965 filiam
1068 3901 1247 3984 Catgnstel,
1262 3925 1320 3986 pro

214 4008 323 4074 anima
352 4029 411 4070 sua
439 4014 473 4070 et
498 4005 638 4088 Eadgari
663 4004 759 4088 regis,
785 4025 881 4087 super
905 4005 1006 4068 altare
1036 4005 1148 4069 Sancti
1172 4004 1318 4070 Petroci:

215 4111 365 4197 Cyngelt,
390 4118 422 4174 et
442 4111 596 4192 Magnus,
619 4119 652 4172 et
680 4108 831 4195 Sulmeab
855 4116 888 4172 et
914 4109 936 4170 J
938 4115 1040 4187 ustus,
1064 4116 1097 4172 et
1122 4109 1265 4189 Rumun,
1288 4119 1321 4174 et

213 4218 367 4298 Wengor,
383 4221 416 4278 et
431 4214 576 4291 Luncen,
592 4219 625 4276 ct
641 4210 819 4291 Fbrandrec,
836 4220 868 4275 ct
882 4211 1075 4291 Wendeern,
1092 4219 1125 4275 et
1138 4211 1320 4298 Wurbylic,

208 4328 248 4394 ⁴et
262 4321 400 4401 Oengor,
419 4324 453 4381 et
472 4315 608 4393 Inisisn,
627 4322 660 4377 et
678 4314 807 4391 Brenci,
824 4321 856 4378 et
871 4314 1025 4393 Onwean‚
1041 4322 1074 4378 et
1090 4313 1271 4396 Rinduran,
1287 4325 1321 4381 et
