3234 5125
491 432 813 489 MISOELLANEOUS
831 432 1045 488 cenetens.
1264 436 1315 490 211

385 669 512 725 eKING
530 670 700 726 EADGAR.
737 671 811 726 Duo.
828 672 905 727 28m
925 671 1162 729 Dcooonxlv.

255 817 294 898 ›1‹
311 816 525 880 Altitonantis
540 814 602 881 Dei
623 815 770 901 largiflua
783 816 964 897 elementia,
980 817 1035 901 qui
1055 826 1104 883 est
1119 819 1188 882 Rex
1202 838 1315 900 regum

210 924 244 983 et
259 918 421 984 Dominus
442 918 690 998 dominantium,
706 940 767 1003 ego
781 919 948 1003 Eadgarua
961 921 1145 1005 Anglorum
1165 920 1314 998 basileus,

209 1022 418 1105 omniumque
431 1044 544 1107 regum
558 1022 737 1087 insularum
751 1023 862 1088 ooeani
877 1044 939 1107 que
950 1022 1163 1109 Brytanniem
1177 1022 1313 1105 eircum-

206 1127 326 1209 jacent,
342 1134 596 1211 cunctarumque
615 1126 785 1192 nationum
805 1148 878 1211 quae
896 1127 980 1190 infra
999 1147 1074 1191 eum
1092 1126 1312 1202 includuntur,

208 1230 382 1312 imperator
395 1237 429 1293 et
443 1230 603 1309 dominus,
615 1229 735 1313 gratias
749 1250 810 1314 ago
831 1228 893 1313 ipsi
908 1229 979 1293 Deo
991 1228 1214 1313 omnipotenti,
1231 1228 1314 1311 Regi

208 1354 292 1411 meo,
320 1334 376 1417 qui
404 1354 514 1397 meum
541 1334 712 1417 imperium
742 1333 788 1396 sic
808 1332 972 1416 ampliavit
994 1339 1027 1398 et
1048 1332 1199 1397 exaltavit
1219 1352 1313 1416 super

207 1457 343 1519 regnum
357 1443 486 1521 patrum
501 1458 646 1501 meorum
650 1461 660 1514 ;
680 1436 736 1519 qui
750 1436 826 1500 lieet
840 1436 1059 1500 monarchiam
1074 1436 1175 1500 totius
1184 1435 1312 1520 Angliae

208 1540 315 1623 adepti
329 1541 395 1604 sint
409 1563 429 1604 a
442 1548 586 1625 tempore
597 1539 786 1626 AEpelstaui,
798 1539 855 1623 qni
869 1538 992 1622 primus
1006 1558 1118 1621 regum
1130 1538 1310 1622 Anglorum

207 1663 318 1707 omues
334 1643 482 1708 nationes
505 1666 577 1727 quae
593 1642 806 1728 Brytanniam
822 1642 969 1706 incolunt
983 1641 1044 1706 sibi
1060 1642 1157 1706 armis
1172 1641 1309 1725 subegit,

207 1745 314 1810 nullus
331 1753 441 1810 tamen
460 1766 571 1810 eorum
586 1747 673 1810 ultra
686 1746 755 1829 ejus
769 1746 850 1809 fines
867 1744 1038 1828 imperium
1060 1766 1155 1809 suum
1177 1744 1311 1809 dilatare

207 1869 374 1931 aggressus
395 1856 463 1926 est;
488 1848 567 1912 mihi
589 1855 699 1912 autem
720 1848 877 1912 concessit
896 1846 1035 1930 propitia
1049 1846 1219 1926 Divinitas,
1236 1868 1310 1911 cum

207 1951 388 2033 Anglorum
405 1950 550 2035 imperio,
566 1950 678 2015 omnia
699 1971 799 2033 regna
820 1949 998 2014 insularum
1021 1950 1131 2014 oceani
1154 1970 1228 2013 cum
1246 1950 1312 2014 suis

206 2054 409 2118 ferocissimis
431 2053 561 2137 regibus
586 2074 688 2137 nsque
706 2053 901 2137 Norregiam
927 2052 1162 2135 maximamque
1186 2060 1310 2135 partem

208 2154 385 2235 Hibernia,
401 2176 476 2219 cum
502 2177 561 2219 sua
585 2154 785 2219 nobilissima
807 2154 937 2220 civitate
959 2154 1114 2232 Dublina,
1129 2155 1311 2237 Anglorum

205 2279 305 2341 regno
327 2257 516 2343 subjugare:
541 2278 621 2341 quoa
642 2256 740 2321 etiam
762 2278 874 2321 omnes
889 2256 968 2320 meis
982 2256 1125 2341 imperiis
1140 2256 1221 2321 oolla
1235 2256 1309 2321 sub-

205 2360 291 2439 dere,
312 2360 374 2425 Dei
397 2362 524 2425 favente
541 2360 654 2445 gratia,
674 2360 792 2444 coegi¹.
840 2360 1044 2443 Quapropter
1063 2367 1097 2423 et
1114 2378 1174 2442 ego
1190 2359 1311 2423 Christi

206 2462 341 2547 gloriam
360 2471 393 2527 et
411 2463 540 2528 laudem
562 2464 598 2526 in
621 2484 721 2547 reguo
744 2483 817 2526 meo
838 2462 988 2541 exaltare,
1004 2470 1037 2525 et
1059 2460 1128 2545 ejus
1146 2462 1309 2525 servitium

205 2568 407 2652 amplificare,
435 2568 567 2633 devotus
591 2567 752 2652 disposui;
775 2575 809 2631 et
832 2587 889 2650 per
913 2587 1003 2630 meos
1025 2565 1135 2629 fideles
1159 2566 1309 2644 fautores,

205 2672 411 2734 Dunstanum
424 2669 571 2736 videlicet
582 2670 842 2754 arciepiscopum,
853 2676 885 2732 et
897 2666 1129 2754 AEpelvvoldum
1141 2687 1178 2732 ao
1188 2667 1308 2732 Osval-

203 2772 282 2836 dum
296 2773 470 2858 episcopos,
483 2795 563 2856 quos
577 2773 612 2837 in
626 2781 733 2858 patres
748 2771 930 2856 spirituales
941 2779 974 2835 et
984 2769 1202 2834 consiliatores
1217 2767 1309 2854 elegi,

203 2897 322 2959 magna
335 2895 375 2939 ex
389 2883 490 2959 parte,
505 2876 683 2940 secuudum
698 2875 785 2959 quod
801 2874 953 2959 disposui,
969 2873 1096 2958 perfeci.
1144 2872 1308 2956 Siquidem

203 2978 402 3062 temporibus
424 2986 663 3043 antecessorum
684 2999 831 3042 meorum
845 2998 959 3061 regum
973 2976 1166 3060 Anglorum,
1181 2995 1308 3040 monas·

202 3079 285 3143 teria
305 3087 373 3142 tam
395 3080 626 3144 monachorum
645 3101 742 3164 quarn
756 3078 919 3162 virginum
941 3077 1106 3142 destructa
1127 3085 1160 3142 et
1181 3077 1309 3160 penitus

203 3183 351 3264 neglecta
371 3182 407 3246 in
432 3190 503 3247 tota
515 3183 637 3266 Anglia
655 3189 758 3261 erant,
774 3203 847 3264 quae
870 3201 930 3264 ego
952 3179 992 3245 ad
1013 3180 1075 3243 Dei
1096 3179 1235 3259 laudem,
1250 3203 1308 3264 pro

201 3285 344 3349 remedio
365 3283 481 3349 animae
500 3307 582 3349 meae
595 3279 761 3369 reparare,
768 3291 802 3347 et
817 3303 980 3347 servorum
995 3290 1028 3346 et
1043 3282 1230 3347 ancillarum
1245 3283 1307 3348 Dei

203 3408 373 3450 numerum
394 3387 608 3472 multiplicare
622 3385 745 3450 devovi.
789 3385 835 3449 Et
848 3385 926 3468 ipsis
940 3383 1130 3468 supradictis
1153 3385 1233 3449 meis
1252 3406 1306 3451 oo-

202 3488 422 3573 operatoribus
436 3497 567 3554 strenue
588 3488 821 3568 annitentibus,
834 3487 904 3572 jam
918 3508 973 3550 xn.
989 3493 1022 3551 et
1037 3507 1098 3551 vu.
1114 3490 1308 3552 monasteria

202 3614 275 3656 cum
299 3592 465 3657 monachis
488 3601 521 3658 et
546 3591 842 3657 sanctimonialibus
867 3589 1030 3669 constitui,
1056 3597 1089 3654 et
1109 3590 1136 3652 si
1159 3591 1307 3655 Christus

202 3695 282 3758 mihi
304 3695 429 3760 tamdiu
453 3696 554 3760 vitam
580 3694 781 3772 concesserit,
807 3713 910 3776 usque
936 3692 976 3755 ad
1006 3692 1306 3776 quinquagesimum

200 3797 396 3861 remissionis
421 3819 592 3861 numerum
614 3818 695 3861 meoe
721 3795 845 3860 devotae
868 3795 938 3858 Deo
962 3794 1191 3858 munificentiae
1217 3795 1304 3858 obla-

200 3901 323 3964 tionem
336 3885 527 3983 protendere
542 3899 677 3964 decrevi.
722 3896 820 3962 Unde
839 3918 925 3961 nunc
939 3896 974 3959 in
988 3896 1129 3979 presenti
1144 3905 1304 3960 monaste.

200 4003 286 4066 mum
300 4002 388 4087 quod
409 4003 571 4087 predictus
589 4001 782 4067 reverendus
799 4000 965 4083 episeopus
980 3996 1158 4075 Osvvaldus,
1179 3996 1213 4058 iu
1231 3997 1305 4062 sede

238 4172 246 4202 ¹
264 4171 401 4243 Iauepeet
421 4171 484 4225 that
503 4169 559 4225 thia
577 4169 714 4243 preamble
730 4186 787 4223 was
808 4167 956 4223 fabricated
980 4185 1010 4221 or
1023 4165 1203 4238 interpolated
1221 4164 1305 4220 about

200 4255 278 4325 1155,
291 4256 372 4310 when
384 4256 479 4328 Henry
490 4256 537 4325 11,
549 4257 579 4310 in
591 4262 699 4311 concert
709 4255 780 4308 vvith
791 4271 860 4326 pope
868 4253 973 4308 Adrion
982 4253 1031 4306 IV.
1045 4251 1187 4320 (Nicholus
1201 4250 1304 4305 Brenk·

198 4344 313 4414 speare),
322 4361 379 4396 vvaa
391 4342 555 4414 meditsting
569 4342 617 4396 the
628 4347 758 4413 conquest
770 4341 800 4394 of
809 4340 924 4394 Ireland.
960 4341 1006 4393 An
1019 4337 1114 4391 earlier
1125 4342 1256 4408 conquest
1267 4337 1304 4410 by

197 4428 306 4501 Eadgar
316 4429 434 4484 afforded
446 4435 476 4484 at
486 4429 556 4484 least
567 4429 615 4483 the
626 4429 739 4482 shadow
750 4427 807 4481 oie
817 4431 926 4498 pretaxt
937 4426 979 4480 ior
990 4424 1038 4478 the
1050 4423 1237 4496 undertaking.

1078 4515 1129 4575 r2
