3234 5125
302 428 355 481 298
577 426 900 483 MISOELLANFDUS
919 425 1133 481 CHARTERS.

303 599 475 662 Dunatano
498 598 659 682 quoddam
689 597 944 675 amminiculum,
968 598 1023 681 qui
1047 597 1255 662 commodans
1276 598 1307 661 ei
1332 618 1407 661 m.

303 700 402 763 libras
425 701 560 783 argenti,
577 700 717 784 suscepit
732 700 772 765 ab
788 700 901 764 eodem
923 707 996 763 octo
1018 720 1146 763 manses
1165 699 1331 783 cujusdam
1345 700 1407 763 tel·

302 803 381 867 luris
404 803 438 867 in
463 803 661 881 Hauawella‚
686 822 725 866 ea
753 802 889 880 ratione,
919 810 958 865 ut
980 801 1108 865 rediens
1132 802 1247 879 Roma
1272 802 1410 885 pecunia

304 904 430 969 reddita
453 904 699 987 archiepiscopo,
723 925 779 967 rua
806 904 926 967 redivit
954 902 995 967 ad
1024 925 1077 981 se,
1112 904 1169 967 sed
1198 904 1253 968 ille
1278 904 1407 968 demum

303 1006 435 1071 domum
452 1028 595 1071 reversus
617 1028 822 1090 nequaquam
837 1006 941 1089 quivit
955 1005 1196 1070 accommodata
1216 1007 1407 1089 persolvere,

302 1118 335 1174 et
352 1112 491 1174 Sanctus
507 1112 698 1174 Dunstanus
714 1108 862 1192 permisit
876 1108 907 1171 ei
922 1108 1035 1172 diebus
1049 1110 1116 1172 suis
1131 1117 1216 1173 terra
1230 1110 1287 1173 illa
1297 1111 1356 1189 uti,
1372 1117 1406 1173 et

301 1219 375 1295 post
389 1212 458 1295 ejus
479 1212 605 1275 obitum
627 1211 731 1275 redire
754 1209 793 1273 ad
817 1209 999 1275 cenobium
1014 1212 1248 1295 praescriptum,
1264 1212 1350 1296 quod
1372 1220 1406 1275 et

301 1314 423 1378 factum
446 1314 636 1377 audivimus.
682 1313 768 1377 Item
785 1313 924 1374 Sanctus
938 1311 1129 1376 Dunstanns
1149 1312 1276 1377 emebat
1290 1334 1320 1378 x.
1337 1335 1406 1377 cas·

302 1424 388 1481 satos
412 1416 453 1479 ab
468 1415 644 1498 AElfheago
662 1414 743 1479 duce
758 1414 906 1477 ducentis
929 1415 1009 1492 auri,
1025 1415 1061 1477 in
1081 1415 1153 1480 loeo
1175 1415 1232 1499 qui
1254 1416 1406 1479 Snnnan·

301 1518 396 1601 burig
414 1518 542 1596 dicitur,
558 1526 591 1581 et
606 1516 858 1581 accommodavit
873 1536 939 1594 eos,
950 1516 1047 1580 insita
1062 1517 1092 1580 ei
1107 1517 1267 1601 largitate,
1277 1518 1403 1581 cuidam

301 1622 405 1684 vidnae
415 1620 527 1684 diebus
542 1620 617 1699 suis,
628 1620 798 1684 AEcelflaed
813 1619 956 1698 nomine,
968 1627 1002 1684 et
1012 1628 1086 1702 post
1098 1621 1168 1704 ejus
1181 1622 1281 1685 finem
1294 1620 1404 1685 redeat

301 1744 356 1785 rus
381 1722 462 1785 illud
487 1722 528 1785 ad
542 1722 780 1785 Westminster.
824 1722 870 1784 Et
893 1722 951 1784 illa
971 1723 1129 1806 possessio
1150 1722 1185 1785 in
1207 1724 1404 1806 Scepertnne

301 1823 411 1887 redeat
434 1823 475 1886 ad
496 1824 551 1906 jus
575 1824 687 1887 Sancti
703 1823 792 1886 Petri
815 1824 850 1886 in
875 1824 1007 1908 praefato
1026 1824 1221 1889 monasterio
1242 1834 1314 1908 post
1334 1825 1403 1889 dies

301 1925 492 1988 AEbelflacdi.
539 1926 625 1989 Item
641 1924 799 1988 AElibelm
819 1926 930 2008 Polga,
946 1947 1005 2008 pro
1031 1926 1146 1989 anima
1166 1948 1231 1989 suoe
1250 1926 1402 2005 remedio,

300 2027 442 2110 quinque
465 2048 594 2090 mansas
616 2027 752 2109 largitus
773 2034 822 2089 est
837 2027 1006 2091 coenobitis
1027 2028 1063 2089 in
1078 2028 1306 2092 Westminster
1325 2050 1400 2092 con-

299 2129 510 2207 versantibus,
525 2129 560 2191 in
575 2129 646 2193 loco
660 2130 716 2211 qui
728 2128 913 2192 Bricandun
928 2129 1053 2211 vulgari
1066 2130 1259 2194 vocitamine
1272 2130 1400 2195 dicitnr.

300 2233 385 2294 Item
396 2230 555 2309 AElt'vine,
564 2230 732 2315 praefectus
748 2252 840 2294 meus
853 2232 889 2293 in
905 2232 1005 2310 Kent‚
1021 2240 1088 2295 tres
1099 2239 1239 2296 cassatos
1256 2232 1402 2297 coenobio

298 2332 441 2415 praefato,
455 2354 512 2416 pro
527 2333 670 2395 animula
681 2354 739 2395 sua
754 2333 974 2417 conjugisque,
986 2334 1122 2415 largitus
1136 2342 1197 2412 est,
1210 2334 1245 2397 in
1259 2336 1331 2398 loco
1345 2334 1401 2419 qui

297 2435 393 2518 vulgo
402 2435 597 2517 Sillingtune
609 2434 735 2497 dicitur.
763 2436 807 2497 Et
819 2434 900 2498 illud
914 2434 1103 2518 praediolum
1115 2435 1150 2498 in
1164 2435 1399 2519 Paddingtone,

297 2546 371 2622 post
385 2538 453 2602 dies
464 2536 615 2601 Wulfrici
629 2536 670 2601 nd
685 2536 867 2601 libertatem
882 2537 1046 2621 propriam
1060 2536 1169 2601 redeat
1184 2537 1224 2601 ad
1239 2546 1399 2602 monaste-

297 2640 381 2703 rium
404 2639 602 2724 praedictum.
648 2638 823 2703 Sciendum
847 2639 947 2702 etiam
971 2639 1055 2722 quod
1081 2639 1161 2702 illud
1188 2639 1342 2721 praedium
1364 2642 1400 2705 in

297 2741 459 2821 Cosanlea
485 2749 559 2826 post
584 2741 652 2805 dies
675 2740 813 2820 AElsrici,
834 2741 875 2805 ad
899 2740 1068 2804 arbitrium
1092 2741 1232 2824 episcopi
1245 2743 1399 2807 Wulfsini

295 2845 412 2908 reverti
438 2845 542 2908 debet.
590 2843 745 2927 Quisquis
768 2842 912 2906 fidelium
934 2843 1018 2906 hanc
1041 2851 1186 2908 nostram
1209 2845 1397 2909 munificen-

295 2947 375 3010 tiam
391 2947 585 3029 amplificare
599 2945 735 3029 propriis
748 2945 844 3009 donis
858 2945 1020 3028 satagerit,
1031 2953 1218 3028 augmentet
1231 2946 1281 3010 illi
1294 2949 1397 3012 onmi-

295 3057 409 3132 potens
424 3048 514 3111 Deus
537 3048 690 3130 gaudium
716 3047 889 3130 perhenne,
917 3046 974 3110 ubi
997 3047 1193 3130 perpetuitas
1219 3049 1315 3132 viget.
1361 3050 1398 3114 Si

296 3152 367 3233 quis
390 3157 497 3212 autem
513 3148 640 3211 demere
655 3169 711 3210 seu
726 3155 822 3231 atque
836 3157 957 3212 temere
971 3147 1124 3214 violentia
1141 3157 1276 3212 conatus
1289 3151 1396 3230 firerit,

296 3259 404 3314 caveat
426 3251 521 3333 opido
543 3271 585 3312 ne
607 3250 773 3313 obseretur
796 3251 826 3314 ei
849 3250 1003 3314 introitus
1030 3250 1168 3314 coelestia
1195 3253 1331 3334 paradisi
1356 3254 1397 3318 ab

296 3373 335 3415 eo
351 3352 500 3436 janitore,
517 3351 569 3415 cui
591 3352 739 3415 Christus
759 3353 893 3417 tradidit
919 3353 1023 3416 claves
1047 3353 1140 3436 regni
1159 3356 1323 3435 coelorum,
1343 3357 1396 3420 cui

295 3463 329 3519 et
354 3456 442 3519 locus
471 3455 526 3518 ille
554 3454 728 3518 honorifice
758 3463 961 3519 consecratus
995 3456 1174 3539 antiquitus
1207 3457 1394 3523 dinoscitur.

296 3558 423 3640 Scripta
448 3565 496 3619 est
519 3577 659 3639 namque
681 3557 759 3620 baec
786 3557 889 3635 sceda,
916 3579 969 3621 me
990 3558 1137 3642 jubente,
1162 3558 1224 3622 biis
1247 3562 1393 3640 testibus,

294 3679 431 3743 quorum
446 3667 597 3722 onomata
610 3657 693 3721 infra
707 3657 878 3737 habentur,
889 3659 1167 3723 consentientibus
1177 3665 1196 3740 ¹,
1208 3663 1338 3746 quando
1353 3662 1393 3727 ad

295 3763 427 3826 classem
442 3761 646 3845 proficiscens
660 3760 740 3824 illud
756 3763 986 3825 monasterium
1001 3762 1172 3826 visitarem.

565 3933 574 3965 ¹
592 3932 651 3988 The
663 3932 810 3988 witnesses'
823 3953 914 3988 names
926 3953 971 3990 ara
984 3936 1112 4008 wanting.

579 4201 1099 4214 ᾖ...
