3234 5125
281 387 334 439 406
561 387 883 444 mscELLANEOUS
901 383 1115 441 ominus,

283 556 370 618 sensi
388 563 421 620 et
435 557 608 640 subscripsi
623 561 675 639 »1«.
731 559 803 640 Ego
818 557 900 621 Giso
913 555 1081 639 episcopus
1099 552 1247 618 consensi
1261 560 1295 615 et
1309 549 1385 614 sub-

284 659 396 742 scripsi
412 662 463 740 ffl.
507 661 579 743 Ego
596 659 768 724 AElfvvinus
793 659 892 724 abbas
915 658 1064 723 consensi
1087 665 1121 720 et
1143 654 1315 739 subscripsi
1330 656 1382 735 ᾧ.

283 762 355 843 ugo
370 761 537 826 Leon-icus
561 762 659 826 abbas
683 761 830 826 consensi
855 769 889 826 et
911 760 1085 844 subscripsi
1108 762 1160 841 'l‘-
1212 759 1284 840 Ego
1298 755 1385 821 Ead-

284 863 386 926 winus
401 863 499 928 abbas
514 865 661 929 consensi
676 873 708 929 et
723 865 897 948 subscripsi
913 868 964 946 »1«.
1018 865 1090 946 Ego
1105 862 1269 946 AEgelsins
1286 859 1384 924 abbas

284 967 431 1029 consensi
445 974 478 1030 et
493 967 666 1051 subscripsi
682 971 733 1049 »1«.
786 968 859 1050 Ego
872 966 1086 1031 Wulfvvoldus
1100 966 1200 1030 abbas
1214 968 1266 1046 ᾧ.
1313 964 1386 1045 Ego

286 1067 484 1132 Reinbaldus
498 1070 708 1135 cancellarius
720 1074 771 1152 ᾖ.
818 1072 891 1153 Ego
905 1069 1105 1153 AEgelvvinus
1125 1067 1224 1133 abbas
1238 1065 1387 1130 consensi

286 1177 318 1232 et
347 1172 519 1256 subscripsi
534 1176 585 1254 ᾖ.
646 1175 717 1257 Ego
743 1173 930 1237 Baldvvinus
960 1172 1059 1236 abbas
1083 1171 1229 1236 consensi
1254 1177 1288 1234 et
1310 1168 1385 1232 sub·

285 1272 397 1357 scripsi
413 1278 464 1356 ›1‹.
532 1277 604 1357 Ego
627 1276 811 1339 [leofwinus
835 1276 901 1339 dux
917 1279 970 1357 »1«.
1037 1277 1109 1358 Ego
1131 1273 1224 1358 Gyrb
1250 1272 1316 1335 dux
1332 1274 1384 1352 »1«.

285 1375 356 1457 Ego
368 1377 530 1440 Haroldus
544 1377 609 1440 dux
627 1381 677 1460 »lm
723 1379 795 1459 Ego
806 1377 980 1442 Eadvvinns
991 1377 1055 1441 dux
1068 1381 1119 1459 »1«.
1165 1379 1237 1458 Ego
1249 1374 1386 1439 Raidfus

285 1477 433 1542 minister
449 1483 501 1562 'l‘-
560 1481 632 1562 Ego
658 1480 834 1545 Rotbertus
862 1480 1012 1544 minister
1027 1484 1078 1562 »1«.
1137 1481 1209 1563 Ego
1232 1479 1386 1560 AEsgarua

285 1580 433 1644 minister
453 1585 505 1663 ᾖ.
571 1584 642 1665 Ego
665 1583 843 1646 Eadnobus
871 1583 1020 1647 minister
1035 1586 1087 1664 »1«.
1146 1583 1218 1665 Ego
1241 1578 1385 1644 Bondius

286 1682 433 1747 minister
448 1687 500 1765 ᾖ.
560 1685 632 1767 Ego
652 1685 809 1768 Wigodus
835 1685 983 1750 minister
999 1688 1050 1767 ᾧ.
1110 1684 1312 1767 AEgelno’dus
1332 1685 1383 1763 »1«.

286 1785 462 1849 Wulfricus
480 1788 530 1867 ᾧ.
578 1787 739 1851 Sivvardus
755 1791 807 1869 ᾖ.
852 1787 1013 1852 Godricus
1029 1791 1081 1869 »1«.

329 1890 414 1950 Acta
436 1889 520 1972 apud
535 1891 860 1953 westmonasterium
877 1912 907 1954 v.
922 1890 1144 1954 Kalendarum
1160 1892 1181 1953 J
1183 1888 1318 1966 aunarii,
1333 1887 1385 1951 die

286 1997 470 2052 sanctorum
483 1991 723 2070 Innocentium,
736 1993 1008 2057 annoDominicoe
1018 1992 1248 2056 incarnationis
1257 2011 1384 2055 unxvr.

286 2090 470 2156 Indictione
493 2094 601 2170 tertia,
624 2115 710 2157 anno
735 2096 834 2177 regni
851 2096 1045 2159 serenissimi
1060 2095 1210 2159 Edwardi
1235 2095 1320 2176 regis
1340 2093 1385 2156 vi·

286 2194 408 2277 gesimo
431 2195 554 2277 quinto,
616 2197 801 2279 vaiiigarns
825 2198 979 2276 notarius,
1004 2197 1044 2260 ad
1070 2197 1171 2261 vicem
1204 2194 1384 2273 Reinbaldi,

286 2297 382 2378 regiae
398 2296 563 2380 dignitatis
584 2299 776 2378 cancellarii,
791 2300 875 2364 hanc
897 2310 1018 2364 cartam
1041 2302 1152 2384 scripsi
1167 2312 1201 2365 et
1214 2299 1386 2383 subscripsi

286 2399 320 2460 in
337 2400 398 2461 Dei
413 2401 542 2463 nomine
557 2399 701 2464 feliciter.
747 2402 863 2465 Amen.

420 2878 517 2933 KING
536 2878 735 2931 EADWARD
753 2878 831 2932 THE
850 2878 1074 2933 CONFESSOR.
1111 2879 1254 2935 Mnxvl.

331 3027 370 3106 ᾧ
387 3026 429 3089 In
443 3025 575 3088 nomine
590 3034 709 3088 sanotae
724 3034 757 3088 et
771 3024 945 3088 individuas
958 3025 1137 3089 'Irinitatis
1183 3028 1317 3109 Propter
1331 3049 1385 3091 eos

286 3127 341 3211 qui
363 3127 527 3210 justiciam
550 3128 613 3190 Dei
635 3136 859 3205 contemnunt,
877 3136 911 3190 et
932 3150 1024 3191 suam
1046 3128 1158 3191 volunt
1179 3130 1384 3207 constituere,

286 3228 439 3313 quoniam
450 3228 589 3311 justiciae
604 3228 666 3292 Dei
682 3250 748 3292 non
762 3236 840 3292 sunt
856 3229 1004 3313 subjecti,
1020 3230 1256 3312 procurandum
1271 3243 1320 3295 cst
1335 3233 1386 3295 bis

287 3332 343 3414 qui
372 3330 576 3395 ecclesiarum
603 3332 664 3394 Dei
694 3332 862 3415 privilegia
890 3333 1103 3411 constituunt,
1126 3342 1166 3397 ut
1190 3332 1385 3416 multiplices

287 3442 392 3498 cartus
415 3443 447 3497 et
469 3433 713 3497 multitudinem
743 3435 877 3499 testium
903 3443 999 3518 atquc
1025 3435 1287 3499 maledictionum
1309 3457 1384 3499 con·

286 3544 410 3620 gerant,
439 3536 554 3619 quibus
584 3538 645 3600 etsi
674 3558 739 3600 non
769 3558 904 3620 semper,
932 3547 1043 3601 tamen
1070 3538 1263 3621 aliquotiens
1284 3538 1384 3622 pessi-

286 3660 412 3703 morum
435 3640 603 3704 hominum
624 3640 724 3723 impia
745 3640 907 3723 protervia
927 3648 961 3703 et
981 3641 1158 3724 pernicioso
1179 3642 1387 3725 praesumptio

286 3743 390 3807 tutius
414 3734 607 3825 proteratur,
631 3743 833 3821 retundatur,
860 3764 898 3806 ac
920 3743 1150 3821 reverberetur,
1174 3765 1300 3808 necnon
1320 3744 1385 3808 for·

284 3846 411 3909 tissime
428 3845 622 3909 defensionis
641 3846 755 3909 robore
778 3846 925 3909 funditus
947 3846 1135 3909 eradicetur.
1183 3847 1387 3930 Quapropter

285 3970 346 4032 ego
368 3947 566 4027 AEdwardus,
588 3948 691 4031 gratia
711 3949 775 4011 Dei
791 3948 1059 4031 Anglorumrex,
1079 3955 1195 4011 notum
1211 3948 1294 4012 facio
1315 3970 1384 4012 om-

284 4051 378 4115 nibus
401 4050 517 4113 futuris
539 4057 612 4134 post
633 4072 686 4121 me
709 4050 808 4113 seculi
833 4050 1105 4133 generationibus,
1128 4050 1280 4133 quoniam
1303 4072 1386 4134 prae-

284 4161 377 4236 cepto
394 4153 511 4215 Leonis
529 4174 618 4236 papae
638 4173 696 4236 pro
714 4153 905 4235 poenitentia
924 4160 957 4216 et
976 4152 1164 4216 remissione
1182 4160 1384 4235 peccatorum

284 4276 441 4334 meorum,
465 4255 614 4318 renovavi
637 4263 670 4318 ct
692 4254 857 4317 melioravi
876 4254 1043 4319 basilicam
1065 4256 1178 4319 Sancti
1196 4257 1295 4334 Petri,
1314 4278 1385 4338 quae

283 4360 345 4423 sita
365 4366 413 4422 est
432 4378 531 4443 prope
550 4358 670 4422 moenia
687 4358 870 4442 principalis
889 4359 1071 4441 Anglorum
1088 4359 1178 4422 urbis
1196 4357 1383 4437 Londoniae‚
