3234 5125
469 433 797 491 MISOELLANEOUS
815 434 1028 493 CHARTERS.
1252 434 1305 489 189

199 603 303 668 eidem
328 606 461 671 ecclesie
490 606 619 687 obtulit,
646 629 742 691 opere
763 610 845 672 satis
871 610 1010 693 eleganti
1035 609 1222 693 composito,
1248 610 1304 691 qui

197 714 305 771 textus
320 708 433 773 Sancti
447 711 610 774 Dunstaui
625 711 752 775 dicitur.

464 1171 562 1230 KING
582 1173 750 1233 EADRED.
787 1178 1037 1234 noocoxnvn.

239 1320 293 1406 Pis
319 1319 348 1383 is
372 1324 437 1408 bees
462 1321 574 1387 landes
597 1323 659 1388 boc
684 1331 728 1387 aet
823 1324 900 1389 This
928 1324 956 1387 is
981 1324 1038 1389 the
1061 1324 1154 1389 Book
1179 1325 1217 1389 of
1245 1324 1300 1388 the

197 1424 345 1487 Tantone
364 1425 407 1487 oe
421 1424 549 1488 Eadred
575 1426 651 1511 cing
672 1426 727 1490 cd·
769 1426 848 1491 land
870 1435 904 1489 at
918 1428 1078 1507 'l'aunton‚
1094 1429 1198 1492 which
1221 1428 1301 1511 king

196 1525 303 1589 niwon
325 1526 497 1609 gaebocode
520 1537 639 1593 sanctae
656 1529 727 1593 'l'ri-
770 1530 896 1594 Eadred
922 1530 1046 1595 booked
1073 1552 1162 1595 aneu
1185 1539 1220 1596 to
1243 1531 1300 1595 the

197 1628 309 1692 uitatae
342 1648 361 1711 ]
401 1630 531 1694 Sanctae
563 1632 670 1696 Petrae
706 1652 726 1713 ]
770 1632 862 1717 Holy
889 1632 1016 1717 Trinity
1045 1632 1109 1697 and
1139 1635 1173 1698 S2
1192 1634 1297 1713 Peter,

197 1731 306 1796 Paulae
324 1732 395 1796 into
410 1733 536 1798 Ealdau
549 1742 704 1819 mynstre.
771 1735 836 1799 and
878 1738 912 1799 St
936 1736 1029 1813 Paul,
1068 1743 1103 1799 at
1141 1735 1198 1799 the
1234 1735 1298 1800 Old

768 1846 961 1923 monastery.

244 1936 282 2017 ›1‹
298 1934 342 1998 Iu
357 1934 489 2001 nomine
506 1936 570 2001 Dei
584 1937 703 2000 summi
717 1945 751 2001 et
765 1937 913 2002 altissimi
928 1938 949 2000 J
950 1937 1029 2000 hcsu
1039 1936 1169 2001 Christi.
1216 1936 1298 2000 Sub-

199 2036 348 2101 tilissimo
362 2038 481 2101 mentis
496 2040 673 2103 certamine
683 2040 790 2104 Deum
803 2061 900 2124 quem
910 2038 1073 2123 diligimus
1085 2048 1118 2104 et
1128 2040 1298 2117 credimus,

197 2140 313 2203 intima
335 2140 454 2204 mentis
478 2140 646 2207 affectione
671 2142 842 2206 timeamus
866 2150 900 2207 et
923 2164 1084 2221 amemus;
1112 2143 1188 2226 quia
1209 2143 1300 2207 Psal-

200 2242 306 2321 mista,
322 2242 379 2325 qui
392 2243 556 2327 quondam
569 2245 714 2309 Sullimis
728 2246 884 2329 regnabat
899 2246 987 2310 dives
1002 2246 1037 2308 in
1050 2245 1145 2325 arvis,
1161 2266 1299 2329 conque-

199 2343 330 2409 relando
355 2366 393 2409 ac
418 2346 618 2410 lamentabili
640 2368 718 2411 voce
743 2347 789 2411 ita
812 2348 958 2431 protulit,
985 2347 1104 2426 dicens,
1128 2347 1300 2412 “Thesau-

199 2447 290 2525 riaat,
305 2456 338 2511 et
355 2447 483 2531 ignorat
504 2450 557 2513 cui
578 2456 751 2533 congregat
765 2451 837 2529 ea,’'
858 2471 897 2515 eo
915 2448 1001 2533 quod
1017 2448 1180 2513 interdum
1200 2448 1294 2533 [non]

200 2550 317 2634 optatis
332 2557 365 2615 et
375 2550 482 2635 sepius
496 2552 601 2616 exosis
615 2551 809 2635 relinquitur
821 2552 906 2635 quod
917 2542 1006 2636 prius
1016 2550 1114 2617 bomo
1129 2574 1187 2636 per
1198 2550 1298 2616 ambi-

200 2653 321 2716 tionem
343 2654 443 2717 seculi
465 2654 666 2738 concupivit3
689 2662 808 2733 tamen,
827 2655 1043 2719 miserationis
1058 2655 1299 2738 Omnipotentis

201 2755 263 2819 Dei
287 2756 447 2840 largitate,
474 2757 603 2822 caducis
632 2757 746 2840 opibus
771 2765 900 2822 aeternae
926 2757 1051 2821 celestis
1074 2757 1148 2821 vitae
1177 2756 1299 2840 premia

202 2859 335 2922 mercari
351 2882 514 2943 queamus.
561 2861 764 2944 Quapropter
779 2881 839 2943 ego
855 2859 1032 2938 Eadredus,
1048 2880 1104 2923 rex
1118 2859 1300 2942 Anglorum

202 2969 452 3045 caeterarumque
474 2963 620 3045 gentium
642 2963 677 3026 in
699 2963 837 3028 circuitu
850 2962 1091 3047 persistentium
1106 2962 1302 3045 gubernator

203 3073 237 3130 et
260 3074 375 3144 rector,
393 3075 513 3130 saneta
531 3066 594 3131 Dei
619 3066 772 3130 aecclesiae
787 3067 951 3131 Wentana
974 3065 1103 3129 civitate
1125 3065 1249 3143 locatae,
1265 3085 1302 3128 ac

202 3166 296 3232 beato
316 3168 415 3232 Petro
440 3169 656 3252 apostolorum
679 3168 826 3253 principi,
849 3171 981 3253 ejusque
1003 3168 1185 3252 coapostolo
1199 3169 1302 3232 Paulo

203 3271 317 3350 dicate,
342 3272 515 3356 AElfheago
546 3271 690 3357 ejusdem
721 3273 806 3336 sodis
842 3272 994 3356 pontifice
1022 3270 1226 3354 impetrante,
1253 3271 1303 3335 uti

202 3375 377 3460 Megyb
392 3375 513 3458 regina,
526 3397 618 3459 pcnae
632 3375 668 3439 in
683 3376 814 3440 exordio
827 3375 1017 3440 Christiana
1028 3373 1202 3458 religionis,
1214 3396 1303 3439 reve-

202 3478 301 3541 rende
310 3478 479 3542 Trinitatis
493 3477 627 3562 ejusque
640 3477 884 3562 praenominatis
900 3478 1051 3561 apostolis
1067 3477 1182 3543 devota
1195 3485 1304 3541 mente

203 3587 413 3657 concesserat,
429 3601 466 3643 ac
480 3581 625 3644 nauwlf
641 3603 697 3644 rex
712 3580 950 3663 augmentando
969 3581 1226 3664 amplificaverat,
1249 3581 1303 3643 iti-

204 3681 341 3766 demque
358 3683 516 3749 Eadward
537 3705 603 3762 rex,
619 3684 709 3748 noris
735 3683 917 3747 litterarum
942 3683 1095 3768 apicibus,
1110 3683 1228 3747 iterum
1254 3703 1305 3746 rc·

205 3791 412 3864 stauraverat,
428 3807 502 3850 oum
526 3786 629 3851 isdem
656 3785 825 3851 territoriis
850 3808 929 3869 quas
942 3786 1087 3850 Aoelwlf
1103 3807 1161 3850 rex
1179 3783 1304 3848 heredi-

204 3888 286 3953 taria
309 3895 397 3953 cama
419 3889 577 3954 conscribi
587 3889 738 3974 jusserat,
755 3910 783 3952 o.
801 3889 922 3952 scilieet
944 3910 981 3952 ac
999 3909 1074 3952 xxx.
1091 3885 1305 3971 quantitatem

204 3990 407 4056 manentium
422 3992 641 4058 continentem
661 3993 734 4057 loco
751 3989 869 4056 celebri
885 3991 941 4074 qui
958 3991 1088 4054 uantur
1109 3988 1305 4065 nominatur,
1415 4056 1421 4066 ¹

206 4101 327 4158 aeterna
336 4095 536 4160 restituendo
550 4095 685 4178 largitus
701 4116 772 4158 sum
782 4094 971 4158 hereditate.
1003 4093 1133 4156 Prefato
1148 4090 1306 4174 siquidem

206 4197 274 4279 regi
288 4197 465 4262 Eadwardo
481 4219 532 4262 nx.
548 4197 674 4262 telluris
693 4219 815 4276 manse,
832 4204 985 4281 quattuor
999 4197 1144 4259 locorum
1164 4193 1309 4277 partibus

206 4297 347 4381 disperse
373 4300 457 4364 sicut
479 4299 580 4384 ipsius
605 4299 760 4364 territorii
789 4298 923 4376 cartula,
948 4319 1044 4381 quam
1075 4297 1227 4381 praefatam
1252 4317 1308 4359 rex

208 4399 300 4465 edere
320 4401 429 4485 jussit,
449 4402 571 4485 liquido
594 4409 743 4481 testeum,
764 4424 784 4464 a
807 4401 946 4484 quodam
973 4401 1119 4484 episcopo
1141 4398 1307 4463 Denewlfo
