3234 5125
492 455 812 515 mscnnnnnnous
831 459 1046 523 CHARTERS.
1268 458 1321 517 113

272 669 274 674 ’
391 700 488 756 runc
505 701 694 758 nunnnnn
713 703 761 758 or
778 701 937 761 nnncrn.
974 703 1143 760 nceenv.

257 847 297 926 ›1‹
314 845 356 909 In
381 848 513 912 nomine
533 849 765 933 omnipotentis
789 851 853 916 Dei
876 859 909 915 et
933 850 1068 915 Domini
1091 851 1193 914 nostri
1217 850 1320 916 Jhesu

213 947 345 1028 Christi,
364 951 420 1032 qui
443 950 521 1015 vivit
544 951 579 1015 in
606 954 730 1016 saecula.
764 956 881 1017 Amen.
933 953 1004 1036 Ego
1027 954 1223 1036 Burgredus,
1247 953 1319 1017 Deo

212 1052 386 1116 auxiliante
401 1055 546 1118 omnium
557 1077 730 1138 regnorum
746 1058 929 1140 Regnatore
945 1057 1149 1135 concedente,
1159 1078 1215 1120 ren
1230 1058 1319 1121 Mer-

214 1156 368 1234 censinm,
380 1157 461 1220 mihi
475 1157 511 1220 in
525 1158 732 1223 elemosinam
744 1169 931 1243 perpetuam
940 1159 1105 1242 largiendo
1114 1160 1210 1244 hujus
1221 1161 1318 1224 liber.

213 1257 290 1320 tatis
310 1261 542 1342 compositione
566 1269 598 1324 et
616 1263 830 1345 privilegium,
846 1283 918 1326 meo
936 1261 1100 1345 praeclaro
1117 1263 1268 1345 pontifice
1286 1270 1320 1325 et

213 1359 307 1424 fidele
322 1362 425 1425 amico
440 1362 609 1426 Alhuuino
629 1372 662 1427 et
679 1365 750 1448 ejus
767 1365 908 1428 familiae
926 1365 960 1428 in
975 1365 1159 1448 Weogerna
1177 1365 1318 1444 civitate,

213 1464 437 1530 cumconsilio
454 1473 489 1528 et
506 1465 637 1530 licentia
651 1476 826 1550 pontorum
842 1488 1012 1550 procerum
1030 1488 1185 1546 meorum,
1201 1467 1237 1530 in
1255 1467 1319 1531 hiis

214 1566 382 1631 territoriis
406 1575 439 1632 et
461 1567 539 1632 locis
562 1591 622 1634 ano
642 1569 826 1636 libertatem
848 1571 913 1634 illia
932 1570 1069 1633 firmiter
1085 1569 1268 1653 perdonabo
1285 1578 1320 1635 et

214 1669 336 1734 scribo:
359 1670 420 1734 hoc
433 1679 483 1735 est
498 1671 531 1735 bi
547 1672 713 1756 Cunelgan
728 1673 839 1738 decem
856 1673 1076 1749 manentinm3
1101 1680 1145 1736 aet
1159 1672 1320 1736 Eadbald·

214 1773 349 1856 ingtune
370 1793 390 1855 Ἰ
414 1782 455 1837 aet
473 1775 616 1839 Pultune
638 1796 727 1840 vnn.
751 1784 947 1840 cassatorum
958 1801 968 1853 3
1000 1766 1043 1839 iet
1065 1775 1249 1838 Beorondes
1268 1775 1319 1838 lea

214 1875 361 1939 similiter
375 1897 421 1939 vr.
437 1886 653 1955 cassatorum3
677 1878 741 1940 and
756 1885 799 1942 aet
814 1879 917 1960 Esege
932 1899 962 1941 v.
974 1877 1195 1954 manentinm3
1216 1877 1263 1941 ita
1277 1877 1318 1941 ab

214 1978 364 2042 omnibus
379 1979 587 2044 servitutibus
596 1989 629 2044 et
641 1980 849 2044 tributalibus
857 1980 963 2058 rebus,
976 1978 1102 2063 magnis
1113 1978 1163 2044 vel
1174 1979 1318 2059 modicis,

214 2081 277 2146 reis
299 2082 350 2146 vel
368 2071 532 2166 principis,
557 2091 613 2146 aut
631 2083 800 2168 juniorum
822 2084 962 2161 illorum,
984 2083 1020 2146 in
1041 2091 1233 2166 perpetuum
1253 2082 1319 2145 sint

213 2185 341 2250 liberati
369 2187 428 2250 has
457 2195 559 2250 terras
583 2185 672 2250 omni
701 2187 758 2268 rei,
786 2187 848 2250 nisi
872 2194 1001 2250 tantum
1026 2193 1179 2269 quattuor
1204 2185 1318 2265 eausia

214 2289 323 2372 pontis
336 2331 339 2338 -
352 2297 385 2353 et
414 2289 494 2353 arcis
518 2297 551 2353 et
580 2289 782 2373 expeditione
811 2297 924 2353 contra
952 2290 1070 2367 hostes,
1096 2297 1129 2352 et
1158 2289 1320 2373 singulare

216 2393 374 2476 praetium
404 2400 517 2456 contra
538 2394 648 2471 aliurn,
676 2393 773 2457 etad
796 2414 933 2477 poenam
958 2391 1040 2455 nihil
1066 2392 1151 2456 foras
1170 2391 1318 2457 resolvat.

216 2496 260 2559 Et
275 2495 365 2558 illam
379 2503 499 2561 terram
513 2497 613 2561 trium
628 2497 830 2561 manentium
850 2496 884 2559 in
904 2496 1108 2579 Beonetlege,
1118 2496 1154 2559 in
1174 2495 1321 2561 occiden-

216 2600 281 2663 tale
295 2600 391 2683 plaga
407 2600 551 2678 Sebrine,
563 2601 662 2664 etiam
678 2599 820 2664 liberabo
836 2622 855 2663 a
869 2620 986 2683 pascua
999 2620 1170 2683 porcorum
1184 2620 1220 2663 re
1226 2600 1274 2683 [g]
1281 2600 1319 2678 is,

217 2702 303 2786 quod
319 2704 522 2766 nominamus
536 2702 731 2766 fearnleswc.
777 2702 914 2785 Propter
928 2701 1025 2785 hujus
1043 2699 1202 2764 libertatis
1221 2701 1321 2763 tradi-

217 2805 315 2883 tione,
331 2804 385 2869 ille
400 2806 662 2889 praenominatus
677 2806 744 2890 epis
758 2803 840 2866 mihi
855 2802 1053 2887 perdonabat
1068 2803 1148 2866 duas
1164 2802 1322 2866 bradiolas

217 2930 330 2971 aureas
356 2907 556 2988 fabrefactas,
577 2930 656 2992 quas
679 2916 852 2991 pensarent
870 2928 942 2969 xnv.
966 2926 1145 2969 mancusas.
1193 2906 1323 2989 Siquis

218 3017 327 3074 autem
343 3010 490 3074 benivola
504 3020 613 3075 mente
630 3011 728 3094 hujus
746 3009 904 3073 libertatis
919 3009 1051 3087 donant,
1067 3018 1099 3072 et
1114 3017 1244 3072 nostrae
1259 3010 1322 3072 ele·

218 3108 350 3176 mosinae
364 3112 567 3195 largitionem
584 3133 709 3195 augere,
725 3111 775 3176 vel
791 3112 952 3196 adjuvare,
968 3113 1020 3175 vel
1034 3133 1159 3175 servare
1173 3100 1321 3191 soluerit,

160 3218 171 3235 '
217 3214 394 3293 ordinetur,
416 3224 597 3294 coronetur,
622 3224 655 3279 et
676 3214 895 3292 benedicetur,
918 3214 972 3278 hic
993 3214 1028 3277 in
1049 3216 1211 3297 praesenti
1233 3224 1266 3279 et
1288 3214 1323 3276 in

218 3318 338 3396 futuro,
359 3339 432 3381 cum
453 3319 568 3402 justis3
593 3318 700 3401 etqui
726 3320 762 3381 in
784 3319 893 3401 aliquo
912 3317 1024 3382 fraude
1041 3318 1091 3381 vel
1114 3318 1322 3401 disceptione,

219 3442 276 3505 per
298 3420 487 3484 diabolicam
514 3420 768 3503 gastrimoniam,
786 3422 881 3484 istam
899 3420 1082 3484 libertatem
1103 3420 1250 3503 frangere
1267 3426 1324 3483 aut

219 3523 364 3588 minuere
386 3524 600 3608 temptaverit,
617 3524 698 3587 sciat
718 3546 752 3587 se
772 3546 847 3587 cum
865 3522 1033 3606 rapacibus
1053 3529 1086 3585 et
1103 3522 1323 3605 peccatoribus

218 3647 287 3689 ease
304 3622 522 3710 conjunctum,
539 3635 571 3690 et
589 3627 658 3690 sine
677 3626 743 3689 ullo
757 3627 879 3690 honore
898 3626 933 3688 in
951 3633 1082 3688 aeterna
1095 3624 1322 3708 dampnatione

219 3746 293 3789 cum
309 3724 438 3789 diabulo
453 3725 662 3808 dampnatum
681 3733 714 3788 et
735 3726 830 3789 sociis
845 3723 1003 3822 ejus,'niai
1018 3723 1072 3787 hic
1087 3745 1160 3787 cum
1176 3724 1322 3787 satisfac·

218 3828 306 3891 tione
320 3827 537 3891 emendaverit
552 3828 623 3891 Deo
638 3836 670 3891 et
684 3827 878 3891 hominibus.

262 3931 363 3994 Gesta
384 3938 433 3993 est
451 3938 559 3994 autem
581 3930 679 4013 hujus
700 3930 859 3993 libertatis
876 3929 1032 3993 donatum
1049 3949 1135 3991 anno
1152 3928 1322 3991 Dominice

217 4032 448 4096 incarnationis
472 4041 630 4111 nccc.tv⁰,
657 4032 839 4097 Indictione
864 4044 931 4110 111⁸,
956 4032 991 4094 in
1014 4032 1086 4094 loco
1111 4030 1166 4113 qui
1190 4037 1323 4093 vocatur

218 4133 458 4211 Oswaldesdnn,
474 4134 601 4217 quando
616 4136 749 4198 fuerunt
763 4136 877 4217 pagani
895 4136 929 4197 in
942 4135 1217 4197 Wreocensetum.

263 4240 302 4319 ᾖ
319 4238 390 4320 Ego
420 4237 578 4320 Burgred,
602 4258 659 4300 rex
685 4238 895 4315 Marciorum,
918 4237 1003 4301 hanc
1025 4235 1208 4299 libertatem
1230 4256 1322 4317 prae-

218 4340 370 4424 scriptam
393 4361 466 4402 mea
490 4361 589 4403 manu
611 4341 758 4405 consensi
781 4347 814 4403 et
836 4340 1017 4423 subscripsi.
1064 4338 1186 4420 &Ego
1208 4338 1322 4402 AEeel.

216 4444 314 4507 suuitl
333 4442 443 4526 regina
460 4442 641 4506 libertatem
657 4442 754 4507 istam
775 4441 933 4506 consensi.
978 4442 1018 4521 ›1‹
1035 4440 1107 4524 Ego
1122 4439 1238 4504 Ciored
1256 4441 1323 4524 epi-

1137 4562 1149 4602 1
