3234 5125
304 425 340 478 66
577 422 899 481 MlsoELLANEOUS
918 420 1133 477 OHARTERS.

304 594 418 678 gradui
432 596 560 679 preticti
574 596 745 680 pontificis,
758 617 816 659 seu
829 595 927 658 etism
942 591 1190 658 consecrationis
1204 611 1294 668 meae,
1309 605 1406 669 quam

305 697 404 764 abeo
426 699 537 764 codem
557 699 619 779 die,
634 721 692 784 per
713 699 777 764 Dei
797 697 936 782 gratiam
957 694 1074 780 occepi,
1092 715 1153 758 nec
1172 713 1239 756 non
1261 712 1319 775 pro
1336 689 1407 773 ejus

305 800 454 884 placabili
471 802 617 886 pecunia,
632 801 729 865 idest
744 800 860 864 snulus
875 820 990 863 aureus
1004 798 1102 862 sbeus
1118 816 1210 861 ων.
1225 813 1406 870 mancusos,

305 911 343 966 ut
357 904 398 967 sb
413 925 451 968 eo
466 905 584 989 accepi.

348 1008 470 1070 Actum
485 1014 534 1071 est
548 1028 634 1070 suno
648 1006 818 1071 Domiuice
833 1004 931 1069 inciti
946 1000 1339 1082 uccc.rxrr.,1ndict.xv.,
1355 999 1407 1062 die

306 1128 381 1170 vero
404 1130 455 1172 rr.
474 1109 519 1172 kl.
539 1109 667 1188 Octob,
687 1109 723 1171 iu
744 1108 817 1172 loeo
836 1107 943 1190 regale
961 1107 1016 1191 qui
1037 1106 1156 1170 dicitur
1179 1104 1354 1189 Bydictuu‚
1377 1102 1406 1165 is

305 1209 398 1273 testis
420 1212 695 1276 consentientibus
717 1220 750 1275 et
772 1210 986 1275 scribentibus
1006 1231 1143 1293 quorum
1169 1208 1302 1273 uomina
1323 1205 1408 1269 iufra

307 1311 452 1376 sbentur.

351 1418 391 1496 ›1‹
407 1417 478 1500 Ego
502 1417 662 1482 Ceolwulf
679 1437 734 1480 rex
755 1414 954 1480 Merciorum
972 1415 1055 1480 bunc
1073 1437 1180 1480 meum
1200 1413 1407 1478 donationem

306 1519 435 1602 proprio
449 1541 550 1582 mauu
564 1518 740 1584 subscribo.

351 1623 391 1701 ›1‹
406 1621 478 1704 Ego
491 1620 640 1685 Wulsred
655 1620 809 1706 erh5.c1‘3is
825 1620 1030 1685 consensiens
1044 1620 1221 1686 subscribo.

352 1725 392 1803 ›1‹
408 1724 479 1805 Ego
495 1723 675 1788 AEbelusld
689 1723 757 1808 epis
771 1723 950 1805 consensi]
967 1723 1142 1788 subscribo.

352 1827 392 1905 ›1‹
408 1825 479 1908 Ego
495 1826 636 1889 Rebhun
650 1826 717 1911 epis
732 1826 910 1909 consensi]
928 1826 1102 1891 subscribo.

352 1930 392 2008 ›1‹
409 1927 481 2010 Ego
494 1927 691 1992 Wulshesrd
706 1928 772 2015 epis
788 1930 968 2012 consensi]
985 1929 1157 1994 subscribo.

353 2033 393 2111 ›1‹
405 2030 477 2113 Ego
493 2029 661 2094 Hcsberht
676 2033 742 2117 epis
757 2033 937 2114 consensi]
954 2032 1129 2097 subscribo.

353 2136 393 2214 ›1‹
409 2132 478 2216 Ego
494 2133 627 2216 Sigered
641 2133 705 2199 dux
720 2135 900 2217 consensi]
917 2134 1092 2199 subscribo.

336 2239 393 2317 ,ᾧ
409 2237 481 2319 Ego
495 2236 661 2301 Esdberht
676 2237 740 2301 dux
755 2238 934 2320 consensi]
952 2236 1126 2302 subscribo.

353 2341 393 2419 ›1‹
409 2339 481 2421 Ego
496 2339 645 2403 Wulfred
660 2339 726 2403 dux
741 2340 921 2422 consensi]
937 2339 1007 2404 sub.

353 2443 393 2521 *1⁴
410 2443 481 2524 Ego
495 2442 596 2506 Mucs
610 2442 676 2506 dux
690 2443 868 2524 consensi]
885 2443 955 2507 sub.

353 2546 393 2625 ›1‹
410 2545 482 2628 Ego
496 2544 632 2610 Estferb
647 2544 712 2610 dux
727 2544 907 2627 consensi]
923 2545 993 2609 tub.

352 2648 393 2727 ›1‹
410 2647 480 2728 Ego
496 2646 578 2711 Bofs
592 2647 657 2711 dux
672 2647 820 2711 consensi
833 2667 853 2729 ]
868 2647 939 2711 sub.

352 2750 393 2829 ›1‹
410 2749 481 2831 Ego
496 2748 570 2812 Piot
584 2752 638 2833 pis
652 2750 798 2815 consensi
813 2770 832 2832 ]
848 2750 918 2814 sub.

351 2853 392 2932 ›1‹
409 2851 479 2934 Ego
494 2850 649 2918 Eedbsld.

351 2956 393 3035 ›1‹
409 2955 480 3037 Ego
495 2955 691 3038 Oyneberbt.
902 2958 941 3038 *1⁴
957 2957 1028 3039 ugo
1042 2956 1245 3022 Besdhesrd.
1353 3030 1359 3038 ‚

353 3058 393 3140 '1⁴
410 3056 482 3139 Ego
495 3057 670 3141 Wigbclm.
902 3062 942 3140 ›1‹
957 3059 1098 3125 ummo.

568 3526 666 3582 KING
684 3526 898 3583 EOGBERHT.
935 3528 1152 3586 uocoxxm

354 3672 843 3756 ›stnnomineDomininostri
852 3676 954 3740 Jbesu
963 3676 1096 3743 Christi.
1119 3676 1412 3762 EgoEegberhtus,

309 3776 414 3861 gratis
439 3777 502 3841 Dei
529 3798 586 3841 rer
610 3778 802 3861 Anglorum,
833 3799 908 3842 cum
936 3800 1095 3843 consensu
1124 3781 1347 3865 episcoporum
1376 3802 1413 3845 sc

309 3880 491 3965 principum
512 3902 667 3959 meorum,
683 3881 766 3945 benc
783 3880 968 3946 libertatem
981 3882 1098 3948 donavi
1118 3883 1250 3949 ecclesie
1267 3904 1329 3969 que
1351 3884 1414 3947 sits

309 3992 359 4049 est
384 3984 420 4046 in
449 3981 579 4069 civitate
605 3983 719 4061 Hrobi‚
740 3990 773 4048 ct
796 3984 948 4049 omuibus
968 3986 1081 4070 egellis
1104 3986 1160 4070 qui
1182 3986 1223 4049 sd
1245 3986 1413 4051 ecclesiam

311 4086 423 4151 Sancti
437 4086 568 4151 Andree
586 4086 720 4170 apostoli
735 4086 910 4169 pertinent,
926 4108 985 4170 pro
1001 4088 1143 4152 remedio
1163 4089 1270 4153 anime
1289 4110 1361 4153 mee
1380 4096 1415 4153 et

308 4190 368 4253 filii
390 4189 494 4253 nostri
515 4188 718 4268 AEtheluulfi,
739 4210 835 4272 quem
852 4210 961 4273 regem
983 4190 1210 4255 constituimus
1230 4191 1267 4254 in
1286 4191 1413 4272 Gentis,

308 4300 347 4355 ut
372 4312 484 4357 omnes
508 4293 577 4376 egri
603 4292 668 4355 sint
691 4290 784 4355 liberi
807 4292 849 4355 ab
878 4292 968 4356 omni
990 4294 1091 4377 reguli
1113 4294 1255 4373 servitio,
1278 4316 1298 4357 s
1318 4301 1415 4377 postu

306 4414 420 4477 regum
435 4402 469 4458 et
479 4395 672 4480 principum,
688 4393 807 4459 ducum
822 4402 856 4459 et
871 4395 1081 4479 prefectuum,
1097 4404 1357 4480 exactorumque,
1373 4397 1414 4461 ub
