3234 5125
492 413 815 471 macrocosmus
834 414 1048 473 canemus.
1270 423 1323 479 att

213 588 426 654 altibohando
434 590 629 674 proclamat:
650 590 775 654 “Beata
785 610 829 669 es,
839 589 930 674 virgo
938 590 1056 669 Maria,
1067 612 1140 675 quaa
1148 591 1323 674 credidisti,

215 692 421 776 perficientur
443 692 478 756 in
500 699 535 756 te
554 714 626 776 quae
649 690 736 757 dicta
757 699 835 756 sunt
855 692 919 757 tihi
939 694 1153 758 aDomino.’'
1197 694 1323 759 Mirum

215 794 316 874 dictu,
326 796 512 859 incarnatur
520 794 667 859 Verbum
681 801 715 859 et
728 793 962 879 incorporatur,
972 796 1095 861 scilicet
1108 795 1190 860 illud
1203 797 1244 861 dc
1259 820 1323 881 quo

214 898 410 982 evangelista
438 898 677 982 supereminens
708 896 933 962 universorum
967 898 1139 963 altitudine
1169 921 1323 965 sensuum

214 1000 337 1084 inquit:
359 1006 381 1036 “
390 1002 431 1065 In
440 1000 597 1085 principio
607 1008 676 1065 erat
683 999 830 1080 verbum,
842 1000 1021 1066 etverhum
1032 1009 1102 1067 erat
1110 1010 1189 1087 aput
1201 1004 1320 1084 Deum,

214 1110 248 1167 et
268 1104 357 1168 Deus
375 1110 445 1168 erat
458 1103 624 1183 verbum,”
647 1110 680 1167 et
694 1105 735 1167 rt.
782 1103 868 1182 Qua,
883 1104 1043 1185 videlicet,
1058 1112 1188 1189 sumpta
1201 1106 1242 1170 de
1256 1106 1320 1171 vir-

212 1206 287 1289 gine
301 1206 522 1272 incarnatione
537 1206 678 1290 entiquae
691 1206 826 1291 virginis
841 1206 966 1271 facinus
980 1208 1132 1289 demitur,
1147 1218 1181 1273 et
1195 1210 1321 1275 manetis

212 1308 401 1373 mulieribus
432 1308 545 1372 nitidis
581 1308 750 1393 precluens
784 1310 983 1375 taumatibus
1014 1311 1112 1376 decus
1145 1312 1318 1396 irrogatur.

212 1412 341 1475 Intacta
354 1411 414 1495 igit
422 1412 475 1495 [ur
489 1411 673 1496 redo]lente
688 1410 826 1496 [Christi
834 1412 902 1496 div]
908 1412 1033 1491 initote,
1047 1434 1203 1497 passaque
1217 1414 1318 1497 ipsius

212 1514 423 1594 humanitate,
461 1515 594 1579 libertas
628 1514 764 1579 addictis
795 1515 970 1581 clementer
1002 1515 1141 1600 contigit
1173 1516 1318 1587 serudis,

213 1618 302 1682 Hinc
313 1639 373 1701 ego
387 1618 549 1704 AEpelraed
564 1617 741 1682 altithrono
756 1617 1021 1682 amminiculante
1035 1618 1218 1701 Anglorum
1232 1626 1314 1684 cete·

210 1740 381 1803 rarumque
405 1720 551 1805 gentium
577 1720 612 1783 in
635 1720 773 1785 circuitu
792 1720 949 1785 triviatim
968 1721 1210 1806 persistentium
1232 1722 1317 1786 hasi-

208 1822 288 1901 leus,
303 1844 370 1887 non
392 1822 562 1887 immemor
581 1822 802 1907 angustiarum
822 1822 922 1887 michi
938 1844 1082 1907 metaque
1101 1822 1226 1889 nationi
1246 1845 1317 1908 sep·

209 1924 291 1990 timo
313 1926 406 2009 regni
431 1926 510 2010 [mei
535 1926 651 2009 ann]o,
671 1933 703 1989 et
728 1925 878 2011 deinceps
896 1926 1081 2011 frequenter
1102 1948 1140 1992 ac
1159 1927 1316 2012 multipli-

210 2030 289 2093 citer
314 2028 547 2108 accidentium
571 2036 644 2113 post
668 2028 835 2093 decessum
860 2029 1011 2095 videlicet
1029 2029 1133 2095 beatae
1153 2030 1317 2096 memoria

209 2133 370 2217 michique
384 2133 513 2197 interno
525 2153 633 2197 amore
644 2132 845 2197 dilectissimi
854 2132 1050 2198 Adeluuoldi
1064 2133 1214 2217 episcopi,
1224 2134 1330 2217 cujus·

207 2234 367 2299 industria
387 2256 424 2299 ac
440 2235 609 2320 pastoralis
629 2256 705 2299 cura
724 2256 791 2299 non
808 2236 914 2300 solum
933 2236 1074 2320 msea]e,
1089 2256 1201 2301 verum
1218 2236 1318 2301 edam

207 2338 428 2403 universorum
442 2338 539 2423 hujus
553 2338 667 2422 patriae
682 2347 750 2402 tam
764 2359 802 2423 pr
808 2338 983 2423 [incipum]
1000 2360 1098 2422 quam
1113 2336 1315 2405 subditorum

207 2440 342 2505 utilitati
370 2462 508 2525 superno
537 2442 736 2505 Plaamatorc
765 2440 955 2525 inspirante,
985 2441 1158 2521 consuluit,
1187 2463 1315 2507 mecum

207 2544 345 2629 plurima
362 2544 489 2610 voluere
509 2543 626 2610 tacitus
646 2542 726 2628 cepi,
745 2551 780 2609 et
801 2566 873 2628 quoe
891 2552 1057 2609 tantorum
1077 2565 1173 2609 causa
1188 2546 1315 2630 pericu·

207 2647 310 2712 lorum
326 2648 477 2712 existeret
491 2648 633 2712 studiose
646 2631 850 2732 percunctari
869 2647 1025 2711 sollicitus
1045 2647 1164 2711 curavi.
1209 2649 1315 2713 'lanto

206 2751 307 2835 igitur
319 2751 441 2835 talique
456 2750 565 2815 studio
582 2771 776 2835 magnopere
793 2749 958 2829 incitatus,
973 2757 1008 2814 et
1022 2751 1162 2815 archana
1176 2771 1313 2834 quasque

207 2855 398 2939 dilig[enter
416 2853 521 2938 mal]a
541 2874 669 2918 mecum
692 2853 890 2932 examinans,
912 2853 1045 2918 tandem
1067 2853 1203 2918 Domini
1224 2875 1312 2917 oom-

206 2967 344 3042 punctua
369 2957 482 3042 gratia,
506 2956 546 3021 ad
569 2955 759 3020 memoriam
778 2954 893 3020 reduxi
912 2955 1031 3039 partim
1048 2955 1117 3020 haec
1136 2955 1313 3020 infortunia

205 3083 264 3147 pro
292 3083 373 3126 meoe
402 3059 583 3145 juventutis
611 3057 808 3142 ignorantia,
838 3080 910 3142 qnae
943 3057 1114 3144 d[iv]ersis
1148 3059 1230 3123 solet
1262 3059 1312 3122 nti

205 3164 357 3243 moribus,
387 3163 505 3247 partim
530 3162 628 3226 etiam
658 3183 716 3245 pro
742 3161 943 3244 quorundam
969 3161 1098 3225 illorum
1122 3160 1313 3225 detestanda

203 3267 399 3351 philargiria,
416 3265 472 3350 qui
487 3285 567 3329 meoe
581 3264 718 3328 utilitati
738 3264 906 3328 consulere
920 3264 1091 3343 debebant,
1107 3263 1312 3348 acoid[iss]e.

206 3369 370 3454 Siquidem
399 3368 486 3432 inter
509 3375 625 3432 coetera
650 3367 815 3432 memoriae
843 3366 994 3446 occurrit,
1014 3387 1068 3431 me
1092 3375 1209 3451 rogatu
1232 3389 1311 3452 quo·

203 3472 340 3536 rundam
364 3471 490 3549 talium,
520 3469 681 3552 Uulfgeri,
713 3469 845 3548 scilicet,
869 3471 1009 3554 episcopi
1034 3470 1189 3550 defuncti,
1213 3479 1311 3556 atque

208 3575 367 3660 [abhati]s
393 3571 517 3638 AElfiici
543 3572 599 3656 qui
626 3571 729 3636 adhuc
752 3579 897 3655 superest
922 3573 1004 3637 sacri
1027 3573 1310 3638 AEbbandunensia

201 3676 338 3744 coenobii
353 3675 455 3762 [pote]
462 3683 588 3754 statem,
598 3696 656 3759 pro
668 3695 803 3738 munere
813 3674 849 3738 in
860 3696 895 3739 se
908 3722 1199 3744 ............
1214 3676 1309 3743 beate

207 3781 321 3865 [mem]
328 3778 396 3844 orie
431 3777 598 3861 episcopus
633 3776 818 3842 Adeluuold
855 3799 875 3841 a
906 3778 1185 3861 predecessoribus
1217 3781 1307 3859 meis,

199 3882 357 3962 Eadredo,
373 3881 503 3960 scilicet,
520 3901 605 3966 rege,
620 3887 736 3964 patruo
750 3880 853 3965 patris
867 3881 942 3961 mei,
957 3903 1085 3947 necnon
1105 3891 1139 3948 et
1156 3905 1175 3946 a
1192 3891 1308 3968 patruo

200 4009 273 4051 meo
286 4007 362 4069 rege
376 3982 554 4067 Eaduuige,
570 4004 630 4048 nec
644 3983 751 4047 minus
767 3991 801 4049 et
815 3992 940 4069 epatre
954 4006 1038 4065 meo,
1050 4006 1134 4068 rege,
1146 3984 1306 4064 videlicet,

200 4089 398 4175 E[ad]garo,
426 4087 466 4152 ad
494 4107 591 4151 usum
620 4086 854 4151 monachorum
884 4087 1026 4152 Domino
1055 4089 1181 4172 [nostro
1203 4087 1307 4151 Jhesu

200 4193 330 4260 Christo
344 4191 412 4276 eju]
418 4212 497 4274 aque
512 4188 649 4273 genitric
656 4189 695 4273 [i]
716 4190 832 4254 Mariae
846 4189 1040 4254 humilitatis
1054 4196 1088 4254 et
1102 4189 1304 4270 obedientiae,

198 4305 441 4378 ceterarumque
458 4294 616 4357 virtutum
633 4291 768 4372 meritis,
787 4292 823 4355 in
843 4300 998 4357 aeternam
1017 4292 1195 4377 promeruit
1213 4292 1305 4356 hera·

197 4401 342 4478 ditatem,
355 4405 388 4462 et
403 4396 465 4482 [in]
481 4395 677 4481 perhennem
688 4395 860 4479 adquisivit
870 4396 1064 4461 libertatem.
1109 4397 1191 4462 Haec
1203 4396 1308 4480 igitur
