3234 5125
472 418 792 479 MISOELLANEOUS
810 423 1024 479 CHARTERS.
1268 429 1305 481 49

191 592 244 649 est
263 585 299 649 in
319 586 390 651 loco
409 587 527 653 celebri
550 590 604 674 qui
625 599 758 657 vocatur
773 592 970 672 clofeshoas,
985 594 1153 658 unianimo
1167 596 1305 661 oonsilio

192 688 298 752 totius
327 691 432 755 sancti
457 693 583 775 synodi,
602 693 637 757 in
659 695 791 760 nomine
814 696 877 760 Dei
903 697 1133 780 omnipotentis
1157 698 1302 782 praecipi·

192 800 298 871 entes,
323 800 356 857 et
377 794 524 861 omnium
546 805 731 863 sauctorum
753 799 851 878 illius,
875 807 908 863 et
930 822 987 883 per
1009 801 1079 883 ejus
1097 801 1302 865 tremendum

189 894 364 977 judicium,
390 904 429 961 ut
451 918 628 982 numquam
653 921 755 985 reges,
780 923 886 985 neque
907 902 1057 986 episcopi,
1084 924 1189 987 neque
1212 906 1300 987 prin-

191 998 291 1081 cipes,
315 1020 420 1082 neque
449 1001 547 1065 ullius
576 1004 753 1087 tyrannica
773 1006 943 1088 potestatis
968 1006 1115 1070 homines
1142 1007 1299 1071 bonorem

194 1100 423 1184 Siidgustini
442 1111 476 1169 et
496 1126 561 1171 sure
581 1108 644 1171 οδω
664 1106 748 1171 sedis
767 1106 958 1186 diminuere,
973 1107 1024 1171 vel
1046 1108 1081 1172 in
1099 1108 1300 1192 aliquantula

117 1208 121 1215 '
192 1204 354 1285 particula
363 1203 504 1271 dividere
518 1209 761 1290 praesumerint3
781 1209 837 1274 sed
852 1210 887 1273 in
897 1232 936 1275 eo
945 1231 1002 1294 per
1012 1210 1121 1274 omnia
1132 1210 1300 1295 dignitatis

193 1304 317 1371 bonore
332 1306 514 1390 plenissime
529 1330 654 1393 semper
672 1320 870 1395 permaneat,
887 1334 951 1398 quo
965 1313 1079 1397 utique
1093 1314 1127 1376 in
1142 1316 1300 1377 constitu-

193 1408 284 1472 tione
303 1408 390 1473 beati
407 1410 564 1495 Gregorii,
580 1422 613 1477 et
637 1413 671 1477 in
695 1414 872 1498 privilegiis
894 1415 1144 1499 apostolicorum
1166 1437 1297 1479 suorum

194 1532 415 1576 successorum
437 1511 601 1593 habeatur,
626 1536 686 1579 nec
715 1537 781 1579 non
802 1516 901 1581 etiam
925 1525 958 1583 et
978 1518 1013 1581 in
1039 1524 1223 1583 nudorum
1246 1539 1298 1581 ca·

141 1696 147 1701 ι
194 1633 318 1676 nouum
343 1622 468 1679 rectum
493 1616 606 1681 baberi
629 1618 849 1683 sanctionibus
872 1618 1029 1684 videatur.
1078 1620 1178 1683 Nunc
1200 1620 1298 1684 etiam

196 1716 267 1779 Deo
284 1719 477 1801 cooperanti,
493 1727 527 1784 et
541 1718 661 1784 domno
680 1721 855 1804 apostolico
876 1742 966 1805 papae
980 1722 1093 1800 Leoni,
1109 1742 1169 1805 ego
1185 1722 1297 1786 AEbel·

194 1820 332 1884 heardus
366 1822 508 1909 aioepiis,
543 1830 577 1887 et
611 1822 665 1887 alii
699 1825 876 1908 coepiscopi
911 1824 1024 1903 nostri,
1062 1832 1095 1889 et
1128 1825 1298 1890 uobiscum

194 1942 307 1987 omnes
327 1923 500 2007 dignitates
522 1926 626 1989 nostri
641 1926 766 2011 synodi,
785 1948 860 1991 oum
874 1926 999 1991 vexillis
1019 1928 1123 1991 crucis
1138 1928 1203 2014 xpi
1217 1950 1297 1991 una·

195 2025 329 2090 nimiter
351 2026 525 2111 primatum
555 2032 616 2093 siz‘ae
643 2030 727 2093 sedis
750 2030 926 2107 firmantes,
950 2029 1012 2095 hoc
1034 2052 1161 2115 quoque
1186 2032 1298 2114 praeei-

195 2130 331 2213 pientes,
347 2138 381 2195 et
395 2130 487 2215 signo
501 2134 563 2197 οδω
583 2134 686 2198 crucis
701 2134 887 2213 scribentes,
902 2142 939 2199 ut
954 2134 1194 2219 aioepisoopabs
1208 2134 1299 2199 sedes

194 2233 230 2295 in
246 2232 489 2299 Liooidfeldenai
504 2237 697 2301 monasterio
711 2258 890 2320 numquam
904 2236 1071 2317 habeatur,
1087 2258 1125 2301 ex
1141 2237 1202 2301 boc
1215 2245 1298 2302 tem·

196 2356 283 2418 pore,
305 2356 409 2419 neque
426 2336 460 2399 iu
483 2338 545 2402 alio
567 2339 639 2402 loco
661 2338 777 2422 aliquo,
800 2338 864 2403 nisi
885 2338 1112 2404 tantummodo
1133 2338 1169 2402 in
1191 2340 1296 2404 Doro·

195 2436 347 2503 bonnensi
371 2438 510 2518 civitate,
528 2440 584 2503 ubi
607 2440 671 2525 xpi
689 2441 824 2505 ecclesia
841 2450 900 2520 est,
916 2449 950 2505 et
969 2440 1026 2505 ubi
1043 2441 1165 2525 primus
1183 2441 1219 2505 iu
1237 2440 1299 2506 hac

126 2583 131 2594 -
195 2538 301 2604 insula
329 2540 486 2606 catholiea
514 2542 592 2608 fides
622 2532 768 2622 renituit,
795 2551 829 2608 et
858 2566 878 2607 a
903 2545 966 2608 Sic
985 2543 1147 2627 Agustino
1169 2565 1296 2609 samum

196 2643 390 2726 baptismum
419 2645 607 2710 celebretur.
653 2647 792 2731 Insuper
821 2647 919 2710 etiam
948 2655 1070 2711 cartam
1101 2668 1121 2710 a
1149 2648 1298 2711 Romana

195 2745 270 2810 sede
287 2746 417 2810 missam
447 2769 505 2832 per
531 2749 736 2814 Hadrianum
758 2771 875 2839 papam
896 2748 937 2814 de
959 2750 1062 2832 palleo
1084 2757 1118 2814 et
1135 2749 1175 2812 de
1193 2749 1297 2812 arohi-

197 2848 396 2932 episoopatus
411 2849 485 2915 sede
504 2850 539 2914 in
557 2851 812 2916 Iricoedieldensi
832 2851 1035 2930 monasterio,
1050 2872 1125 2916 cum
1139 2871 1300 2914 consensu

196 2959 229 3015 et
243 2951 374 3016 licentia
387 2951 498 3017 domui
513 2954 680 3037 apostolici
691 2955 811 3018 Leonis
825 2976 916 3038 papae
929 2953 1162 3038 proscribimus
1176 2953 1299 3036 aliquid

196 3053 312 3132 valere,
335 3055 411 3137 quia
433 3075 490 3138 per
512 3054 778 3140 subreptitionem
802 3065 836 3122 et
860 3058 944 3122 male
964 3057 1118 3122 blandam
1140 3057 1298 3140 suggesti·

195 3177 291 3220 onem
307 3156 559 3240 adipiscebatur:
582 3158 750 3224 etidcirco
767 3159 1034 3224 manifestissimis
1048 3159 1150 3242 signis
1163 3158 1300 3223 caelestis

196 3259 291 3342 regis,
310 3259 484 3342 primatum
506 3261 703 3326 monarchia
725 3263 1013 3346 archiprincipatus
1035 3282 1223 3346 permanere
1245 3281 1299 3324 ca·

196 3361 321 3425 noniois
345 3371 378 3426 et
401 3363 582 3446 apostolicis
599 3365 835 3429 munitionibus
854 3365 1026 3429 statuimus
1043 3364 1100 3428 ubi
1118 3367 1185 3428 aim
1202 3384 1298 3429 evan·

195 3464 317 3546 galium
347 3465 411 3550 Xpi
437 3487 497 3548 per
526 3466 656 3531 beatum
685 3475 808 3551 patrem
839 3467 1037 3551 Agustinum
1069 3467 1104 3532 in
1135 3467 1299 3555 provincia

195 3566 376 3651 An'giorum
405 3568 545 3652 primurn
574 3570 776 3653 praedicatur,
801 3579 835 3635 et
863 3570 978 3636 deinde
1001 3592 1059 3654 per
1083 3570 1220 3654 gretiam
1244 3571 1300 3633 soi

197 3669 337 3753 Spiritus
359 3670 424 3734 late
447 3670 600 3736 diffusum
623 3681 682 3738 est.
730 3675 766 3737 Si
790 3673 862 3757 quis
881 3694 966 3752 vero,
984 3679 1098 3738 contra
1116 3672 1299 3756 apostolicis

195 3773 360 3855 praeceptis
378 3782 411 3836 et
429 3781 611 3838 nostrorum
625 3776 781 3854 omnium,
798 3797 895 3840 ausus
911 3776 955 3839 sit
971 3776 1115 3840 tunicam
1133 3776 1197 3860 xpi
1214 3775 1297 3838 sciu-

196 3874 280 3953 dere,
304 3882 338 3938 et
361 3859 520 3942 unitatem
544 3880 596 3942 sie
626 3877 687 3942 Dei
717 3878 859 3943 ecclesiae
882 3878 1032 3957 dividere,
1057 3878 1138 3943 sciat
1166 3899 1210 3956 se,
1233 3877 1298 3940 nisi

195 3978 291 4060 digne
314 3978 530 4044 emendaverit
554 3981 640 4065 quod
662 3981 773 4065 inique
790 3989 905 4046 contra
921 4003 1026 4046 sacras
1048 4001 1187 4046 canones
1209 3980 1297 4057 ferit,

195 4081 388 4146 aeternaliter
401 4103 469 4146 esse
484 4082 682 4150 damnatum.

239 4184 305 4247 Hic
322 4191 399 4247 suat
416 4184 548 4250 nomina
564 4193 749 4252 sanctorum
766 4187 989 4272 episcoporum
1011 4195 1045 4251 et
1067 4185 1223 4252 abbatum
1240 4185 1297 4268 qui

193 4285 411 4369 praecriptam
426 4287 616 4372 cyrographi
630 4290 797 4369 semidam,
813 4289 847 4353 in
866 4290 988 4374 synodo
1002 4290 1058 4372 qui
1072 4289 1176 4353 factus
1189 4298 1239 4352 eet
1254 4297 1297 4353 set

1101 4411 1121 4455 a
