<?xml version="1.0" encoding="UTF-8"?>
<!DOCTYPE html PUBLIC "-//W3C//DTD XHTML 1.0 Transitional//EN"
    "http://www.w3.org/TR/xhtml1/DTD/xhtml1-transitional.dtd">
<html xmlns="http://www.w3.org/1999/xhtml" xml:lang="en" lang="en">
 <head>
  <title>
</title>
<meta http-equiv="Content-Type" content="text/html;charset=utf-8" />
  <meta name='ocr-system' content='tesseract 3.04.00' />
  <meta name='ocr-capabilities' content='ocr_page ocr_carea ocr_par ocr_line ocrx_word'/>
</head>
<body>
  <div class='ocr_page' id='page_1' title='image "./diplomatariuman02thorgoog_0144.png"; bbox 0 0 3234 5125; ppageno 0'>
   <div class='ocr_carea' id='block_1_1' title="bbox 293 449 1123 508">
    <p class='ocr_par' dir='ltr' id='par_1_1' title="bbox 293 449 1123 508">
     <span class='ocr_line' id='line_1_1' title="bbox 293 449 1123 508; baseline -0.005 0"><span class='ocrx_word' id='word_1_1' title='bbox 293 454 343 508; x_wconf 77' lang='lat' dir='ltr'><strong>loe</strong></span> <span class='ocrx_word' id='word_1_2' title='bbox 567 451 889 507; x_wconf 79' lang='lat' dir='ltr'>MISOELLANEOUS</span> <span class='ocrx_word' id='word_1_3' title='bbox 908 449 1123 506; x_wconf 77' lang='lat' dir='ltr'>CHARTERS.</span> 
     </span>
    </p>
   </div>
   <div class='ocr_carea' id='block_1_2' title="bbox 293 619 1403 2565">
    <p class='ocr_par' dir='ltr' id='par_1_2' title="bbox 293 619 1403 2565">
     <span class='ocr_line' id='line_1_2' title="bbox 294 619 1400 709; baseline -0.006 -21"><span class='ocrx_word' id='word_1_4' title='bbox 294 625 472 709; x_wconf 88' lang='lat' dir='ltr'><strong>majestatis</strong></span> <span class='ocrx_word' id='word_1_5' title='bbox 488 623 633 708; x_wconf 87' lang='lat' dir='ltr'><strong>imperio,</strong></span> <span class='ocrx_word' id='word_1_6' title='bbox 657 623 713 708; x_wconf 92' lang='lat' dir='ltr'><strong>qui</strong></span> <span class='ocrx_word' id='word_1_7' title='bbox 730 623 765 686; x_wconf 81' lang='lat' dir='ltr'><strong>in</strong></span> <span class='ocrx_word' id='word_1_8' title='bbox 782 622 959 706; x_wconf 87' lang='lat' dir='ltr'><strong>primordio</strong></span> <span class='ocrx_word' id='word_1_9' title='bbox 976 621 1091 685; x_wconf 92' lang='lat' dir='ltr'><strong>mundi</strong></span> <span class='ocrx_word' id='word_1_10' title='bbox 1109 619 1240 697; x_wconf 82' lang='lat' dir='ltr'><strong>creavit,</strong></span> <span class='ocrx_word' id='word_1_11' title='bbox 1261 626 1296 682; x_wconf 91' lang='lat' dir='ltr'><strong>et</strong></span> <span class='ocrx_word' id='word_1_12' title='bbox 1311 638 1400 682; x_wconf 90' lang='lat' dir='ltr'><strong>nunc</strong></span> 
     </span>
     <span class='ocr_line' id='line_1_3' title="bbox 293 723 1399 812; baseline -0.005 -21"><span class='ocrx_word' id='word_1_13' title='bbox 293 727 328 791; x_wconf 91' lang='lat' dir='ltr'><strong>in</strong></span> <span class='ocrx_word' id='word_1_14' title='bbox 343 748 447 792; x_wconf 77' lang='lat' dir='ltr'><strong>sevum</strong></span> <span class='ocrx_word' id='word_1_15' title='bbox 468 727 626 812; x_wconf 81' lang='lat' dir='ltr'>gubernat</span> <span class='ocrx_word' id='word_1_16' title='bbox 641 735 675 791; x_wconf 90' lang='lat' dir='ltr'><strong>et</strong></span> <span class='ocrx_word' id='word_1_17' title='bbox 689 728 783 810; x_wconf 86' lang='lat' dir='ltr'><strong>regit,</strong></span> <span class='ocrx_word' id='word_1_18' title='bbox 798 748 945 790; x_wconf 88' lang='lat' dir='ltr'><strong>summus</strong></span> <span class='ocrx_word' id='word_1_19' title='bbox 959 726 1065 804; x_wconf 90' lang='lat' dir='ltr'><strong>Pater,</strong></span> <span class='ocrx_word' id='word_1_20' title='bbox 1081 723 1285 807; x_wconf 91' lang='lat' dir='ltr'><strong>omnipotens</strong></span> <span class='ocrx_word' id='word_1_21' title='bbox 1301 723 1399 787; x_wconf 87' lang='lat' dir='ltr'><strong>Deus.</strong></span> 
     </span>
     <span class='ocr_line' id='line_1_4' title="bbox 296 826 1399 914; baseline -0.005 -20"><span class='ocrx_word' id='word_1_22' title='bbox 296 831 408 894; x_wconf 85' lang='lat' dir='ltr'><strong>Status</strong></span> <span class='ocrx_word' id='word_1_23' title='bbox 428 831 525 914; x_wconf 88' lang='lat' dir='ltr'><strong>hujus</strong></span> <span class='ocrx_word' id='word_1_24' title='bbox 547 830 661 894; x_wconf 91' lang='lat' dir='ltr'><strong>mundi</strong></span> <span class='ocrx_word' id='word_1_25' title='bbox 683 831 718 893; x_wconf 90' lang='lat' dir='ltr'><strong>in</strong></span> <span class='ocrx_word' id='word_1_26' title='bbox 740 829 910 894; x_wconf 87' lang='lat' dir='ltr'><strong>velocitate</strong></span> <span class='ocrx_word' id='word_1_27' title='bbox 932 829 1068 906; x_wconf 87' lang='lat' dir='ltr'><strong>deficiet,</strong></span> <span class='ocrx_word' id='word_1_28' title='bbox 1086 835 1121 892; x_wconf 93' lang='lat' dir='ltr'><strong>et</strong></span> <span class='ocrx_word' id='word_1_29' title='bbox 1139 826 1281 890; x_wconf 82' lang='lat' dir='ltr'><strong>rotunda</strong></span> <span class='ocrx_word' id='word_1_30' title='bbox 1301 846 1399 890; x_wconf 79' lang='lat' dir='ltr'><strong>saecu·</strong></span> 
     </span>
     <span class='ocr_line' id='line_1_5' title="bbox 293 929 1401 1014; baseline -0.003 -18"><span class='ocrx_word' id='word_1_31' title='bbox 293 933 400 997; x_wconf 90' lang='lat' dir='ltr'><strong>lorum</strong></span> <span class='ocrx_word' id='word_1_32' title='bbox 410 933 593 998; x_wconf 85' lang='lat' dir='ltr'><strong>volubilitas</strong></span> <span class='ocrx_word' id='word_1_33' title='bbox 607 933 753 1013; x_wconf 79' lang='lat' dir='ltr'>facesset,</span> <span class='ocrx_word' id='word_1_34' title='bbox 763 933 809 998; x_wconf 91' lang='lat' dir='ltr'><strong>sic</strong></span> <span class='ocrx_word' id='word_1_35' title='bbox 826 931 1014 997; x_wconf 73' lang='lat' dir='ltr'><strong>alternando</strong></span> <span class='ocrx_word' id='word_1_36' title='bbox 1029 939 1249 996; x_wconf 89' lang='lat' dir='ltr'><strong>creaturarum</strong></span> <span class='ocrx_word' id='word_1_37' title='bbox 1263 929 1401 1014; x_wconf 74' lang='lat' dir='ltr'><strong>qualitas</strong></span> 
     </span>
     <span class='ocr_line' id='line_1_6' title="bbox 295 1031 1402 1117; baseline -0.005 -18"><span class='ocrx_word' id='word_1_38' title='bbox 295 1036 461 1115; x_wconf 85' lang='lat' dir='ltr'><strong>decrescit,</strong></span> <span class='ocrx_word' id='word_1_39' title='bbox 484 1036 531 1100; x_wconf 91' lang='lat' dir='ltr'><strong>sic</strong></span> <span class='ocrx_word' id='word_1_40' title='bbox 554 1035 710 1100; x_wconf 88' lang='lat' dir='ltr'><strong>mutando</strong></span> <span class='ocrx_word' id='word_1_41' title='bbox 734 1034 882 1098; x_wconf 85' lang='lat' dir='ltr'><strong>mortalis</strong></span> <span class='ocrx_word' id='word_1_42' title='bbox 899 1035 974 1098; x_wconf 83' lang='lat' dir='ltr'><strong>vitae</strong></span> <span class='ocrx_word' id='word_1_43' title='bbox 993 1033 1152 1117; x_wconf 70' lang='lat' dir='ltr'><strong>fragilitas</strong></span> <span class='ocrx_word' id='word_1_44' title='bbox 1168 1031 1305 1097; x_wconf 83' lang='lat' dir='ltr'><strong>fatescit.</strong></span> <span class='ocrx_word' id='word_1_45' title='bbox 1350 1031 1402 1094; x_wconf 87' lang='lat' dir='ltr'><strong>De</strong></span> 
     </span>
     <span class='ocr_line' id='line_1_7' title="bbox 295 1136 1401 1221; baseline -0.003 -20"><span class='ocrx_word' id='word_1_46' title='bbox 295 1160 359 1221; x_wconf 92' lang='lat' dir='ltr'><strong>qua</strong></span> <span class='ocrx_word' id='word_1_47' title='bbox 378 1139 558 1203; x_wconf 87' lang='lat' dir='ltr'><strong>miserrima</strong></span> <span class='ocrx_word' id='word_1_48' title='bbox 576 1139 711 1202; x_wconf 89' lang='lat' dir='ltr'><strong>humani</strong></span> <span class='ocrx_word' id='word_1_49' title='bbox 728 1145 834 1201; x_wconf 89' lang='lat' dir='ltr'><strong>status</strong></span> <span class='ocrx_word' id='word_1_50' title='bbox 850 1137 1071 1202; x_wconf 87' lang='lat' dir='ltr'><strong>vicissitudine</strong></span> <span class='ocrx_word' id='word_1_51' title='bbox 1085 1136 1320 1213; x_wconf 82' lang='lat' dir='ltr'><strong>AEcclesiastes‚</strong></span> <span class='ocrx_word' id='word_1_52' title='bbox 1337 1154 1401 1198; x_wconf 84' lang='lat' dir='ltr'><strong>coe·</strong></span> 
     </span>
     <span class='ocr_line' id='line_1_8' title="bbox 294 1237 1401 1326; baseline -0.003 -23"><span class='ocrx_word' id='word_1_53' title='bbox 294 1241 368 1304; x_wconf 92' lang='lat' dir='ltr'><strong>lesti</strong></span> <span class='ocrx_word' id='word_1_54' title='bbox 382 1241 508 1306; x_wconf 88' lang='lat' dir='ltr'><strong>afflatus</strong></span> <span class='ocrx_word' id='word_1_55' title='bbox 522 1241 649 1326; x_wconf 89' lang='lat' dir='ltr'><strong>spiritu,</strong></span> <span class='ocrx_word' id='word_1_56' title='bbox 665 1247 903 1324; x_wconf 69' lang='lat' dir='ltr'>competentem</span> <span class='ocrx_word' id='word_1_57' title='bbox 917 1239 1054 1324; x_wconf 83' lang='lat' dir='ltr'><strong>protulit</strong></span> <span class='ocrx_word' id='word_1_58' title='bbox 1068 1238 1280 1304; x_wconf 88' lang='lat' dir='ltr'><strong>sententiam:</strong></span> <span class='ocrx_word' id='word_1_59' title='bbox 1305 1242 1326 1272; x_wconf 90' lang='lat'>“</span> <span class='ocrx_word' id='word_1_60' title='bbox 1336 1237 1401 1301; x_wconf 89' lang='lat' dir='ltr'><strong>Ge·</strong></span> 
     </span>
     <span class='ocr_line' id='line_1_9' title="bbox 295 1340 1402 1429; baseline -0.004 -22"><span class='ocrx_word' id='word_1_61' title='bbox 295 1344 428 1423; x_wconf 84' lang='lat' dir='ltr'><strong>naratio,</strong></span> <span class='ocrx_word' id='word_1_62' title='bbox 444 1344 567 1429; x_wconf 91' lang='lat' dir='ltr'><strong>inquid,</strong></span> <span class='ocrx_word' id='word_1_63' title='bbox 577 1345 666 1409; x_wconf 87' lang='lat' dir='ltr'><strong>venit</strong></span> <span class='ocrx_word' id='word_1_64' title='bbox 681 1353 715 1408; x_wconf 88' lang='lat' dir='ltr'><strong>et</strong></span> <span class='ocrx_word' id='word_1_65' title='bbox 729 1344 895 1427; x_wconf 87' lang='lat' dir='ltr'><strong>generatio</strong></span> <span class='ocrx_word' id='word_1_66' title='bbox 908 1343 1013 1407; x_wconf 87' lang='lat' dir='ltr'><strong>vadit:</strong></span> <span class='ocrx_word' id='word_1_67' title='bbox 1037 1341 1092 1406; x_wconf 90' lang='lat' dir='ltr'><strong>alii</strong></span> <span class='ocrx_word' id='word_1_68' title='bbox 1106 1349 1285 1406; x_wconf 87' lang='lat' dir='ltr'><strong>naseuntur</strong></span> <span class='ocrx_word' id='word_1_69' title='bbox 1298 1347 1332 1404; x_wconf 88' lang='lat' dir='ltr'><strong>et</strong></span> <span class='ocrx_word' id='word_1_70' title='bbox 1347 1340 1402 1403; x_wconf 90' lang='lat' dir='ltr'><strong>alii</strong></span> 
     </span>
     <span class='ocr_line' id='line_1_10' title="bbox 295 1443 1402 1527; baseline -0.005 -16"><span class='ocrx_word' id='word_1_71' title='bbox 295 1448 510 1511; x_wconf 88' lang='lat' dir='ltr'><strong>moriuntur.’&#39;</strong></span> <span class='ocrx_word' id='word_1_72' title='bbox 557 1447 611 1512; x_wconf 90' lang='lat' dir='ltr'><strong>Ita</strong></span> <span class='ocrx_word' id='word_1_73' title='bbox 631 1447 781 1512; x_wconf 89' lang='lat' dir='ltr'><strong>universa</strong></span> <span class='ocrx_word' id='word_1_74' title='bbox 800 1447 986 1510; x_wconf 87' lang='lat' dir='ltr'><strong>divitiarum</strong></span> <span class='ocrx_word' id='word_1_75' title='bbox 1003 1446 1138 1510; x_wconf 83' lang='lat' dir='ltr'><strong>facultas</strong></span> <span class='ocrx_word' id='word_1_76' title='bbox 1164 1452 1198 1509; x_wconf 92' lang='lat' dir='ltr'><strong>et</strong></span> <span class='ocrx_word' id='word_1_77' title='bbox 1218 1443 1402 1527; x_wconf 86' lang='lat' dir='ltr'><strong>temporalis</strong></span> 
     </span>
     <span class='ocr_line' id='line_1_11' title="bbox 295 1547 1402 1635; baseline -0.004 -21"><span class='ocrx_word' id='word_1_78' title='bbox 295 1573 381 1634; x_wconf 79' lang='lat' dir='ltr'><strong>genae</strong></span> <span class='ocrx_word' id='word_1_79' title='bbox 402 1552 569 1635; x_wconf 76' lang='lat' dir='ltr'><strong>possessio,</strong></span> <span class='ocrx_word' id='word_1_80' title='bbox 592 1573 690 1634; x_wconf 88' lang='lat' dir='ltr'><strong>quam</strong></span> <span class='ocrx_word' id='word_1_81' title='bbox 708 1572 940 1634; x_wconf 79' lang='lat' dir='ltr'><strong>praecessorum</strong></span> <span class='ocrx_word' id='word_1_82' title='bbox 962 1549 1058 1613; x_wconf 83' lang='lat' dir='ltr'><strong>anxia</strong></span> <span class='ocrx_word' id='word_1_83' title='bbox 1074 1547 1256 1614; x_wconf 89' lang='lat' dir='ltr'><strong>sollicitudo</strong></span> <span class='ocrx_word' id='word_1_84' title='bbox 1279 1568 1336 1631; x_wconf 90' lang='lat' dir='ltr'><strong>per</strong></span> <span class='ocrx_word' id='word_1_85' title='bbox 1352 1547 1402 1610; x_wconf 89' lang='lat' dir='ltr'><strong>in·</strong></span> 
     </span>
     <span class='ocr_line' id='line_1_12' title="bbox 296 1650 1402 1737; baseline -0.004 -19"><span class='ocrx_word' id='word_1_86' title='bbox 296 1654 419 1718; x_wconf 82' lang='lat' dir='ltr'><strong>defessa</strong></span> <span class='ocrx_word' id='word_1_87' title='bbox 448 1655 598 1719; x_wconf 89' lang='lat' dir='ltr'><strong>laborum</strong></span> <span class='ocrx_word' id='word_1_88' title='bbox 623 1654 842 1719; x_wconf 89' lang='lat' dir='ltr'><strong>emolumenta</strong></span> <span class='ocrx_word' id='word_1_89' title='bbox 870 1654 1025 1732; x_wconf 87' lang='lat' dir='ltr'><strong>lucratur,</strong></span> <span class='ocrx_word' id='word_1_90' title='bbox 1047 1653 1129 1737; x_wconf 86' lang='lat' dir='ltr'><strong>proh</strong></span> <span class='ocrx_word' id='word_1_91' title='bbox 1150 1651 1252 1731; x_wconf 90' lang='lat' dir='ltr'><strong>dolor,</strong></span> <span class='ocrx_word' id='word_1_92' title='bbox 1270 1650 1402 1714; x_wconf 90' lang='lat' dir='ltr'><strong>incertis</strong></span> 
     </span>
     <span class='ocr_line' id='line_1_13' title="bbox 295 1754 1400 1842; baseline -0.004 -20"><span class='ocrx_word' id='word_1_93' title='bbox 295 1757 480 1837; x_wconf 83' lang='lat' dir='ltr'><strong>heredibus,</strong></span> <span class='ocrx_word' id='word_1_94' title='bbox 510 1757 674 1822; x_wconf 88' lang='lat' dir='ltr'><strong>interdum</strong></span> <span class='ocrx_word' id='word_1_95' title='bbox 708 1757 829 1841; x_wconf 88' lang='lat' dir='ltr'><strong>optatis</strong></span> <span class='ocrx_word' id='word_1_96' title='bbox 858 1757 1023 1842; x_wconf 84' lang='lat' dir='ltr'><strong>interdum</strong></span> <span class='ocrx_word' id='word_1_97' title='bbox 1054 1755 1168 1834; x_wconf 80' lang='lat' dir='ltr'><strong>exosis,</strong></span> <span class='ocrx_word' id='word_1_98' title='bbox 1196 1754 1400 1839; x_wconf 84' lang='lat' dir='ltr'><strong>relinquitur.</strong></span> 
     </span>
     <span class='ocr_line' id='line_1_14' title="bbox 297 1859 1402 1944; baseline -0.005 -18"><span class='ocrx_word' id='word_1_99' title='bbox 297 1860 577 1927; x_wconf 77' lang='lat' dir='ltr'><strong>Quemadmodum</strong></span> <span class='ocrx_word' id='word_1_100' title='bbox 597 1861 762 1944; x_wconf 87' lang='lat' dir='ltr'><strong>psalmista</strong></span> <span class='ocrx_word' id='word_1_101' title='bbox 781 1860 984 1944; x_wconf 84' lang='lat' dir='ltr'><strong>inprovidam</strong></span> <span class='ocrx_word' id='word_1_102' title='bbox 1001 1860 1136 1924; x_wconf 86' lang='lat' dir='ltr'><strong>humani</strong></span> <span class='ocrx_word' id='word_1_103' title='bbox 1154 1859 1280 1943; x_wconf 80' lang='lat' dir='ltr'><strong>generis</strong></span> <span class='ocrx_word' id='word_1_104' title='bbox 1297 1878 1402 1922; x_wconf 88' lang='lat' dir='ltr'><strong>socor-</strong></span> 
     </span>
     <span class='ocr_line' id='line_1_15' title="bbox 295 1960 1402 2048; baseline -0.003 -21"><span class='ocrx_word' id='word_1_105' title='bbox 295 1963 382 2027; x_wconf 91' lang='lat' dir='ltr'><strong>diam</strong></span> <span class='ocrx_word' id='word_1_106' title='bbox 412 1984 610 2046; x_wconf 88' lang='lat' dir='ltr'><strong>conquerens</strong></span> <span class='ocrx_word' id='word_1_107' title='bbox 638 1963 828 2048; x_wconf 77' lang='lat' dir='ltr'><strong>increpitet:</strong></span> <span class='ocrx_word' id='word_1_108' title='bbox 864 1963 1106 2028; x_wconf 78' lang='lat' dir='ltr'><strong>“Thesauriaat</strong></span> <span class='ocrx_word' id='word_1_109' title='bbox 1135 1971 1168 2026; x_wconf 92' lang='lat' dir='ltr'><strong>et</strong></span> <span class='ocrx_word' id='word_1_110' title='bbox 1192 1963 1322 2046; x_wconf 82' lang='lat' dir='ltr'><strong>ignorat</strong></span> <span class='ocrx_word' id='word_1_111' title='bbox 1349 1960 1402 2025; x_wconf 92' lang='lat' dir='ltr'><strong>cui</strong></span> 
     </span>
     <span class='ocr_line' id='line_1_16' title="bbox 296 2063 1400 2150; baseline -0.003 -20"><span class='ocrx_word' id='word_1_112' title='bbox 296 2075 471 2150; x_wconf 83' lang='lat' dir='ltr'><strong>congregat</strong></span> <span class='ocrx_word' id='word_1_113' title='bbox 486 2067 557 2130; x_wconf 90' lang='lat' dir='ltr'><strong>ea.&#39;’</strong></span> <span class='ocrx_word' id='word_1_114' title='bbox 602 2065 683 2130; x_wconf 92' lang='lat' dir='ltr'><strong>Ideo</strong></span> <span class='ocrx_word' id='word_1_115' title='bbox 697 2074 773 2131; x_wconf 88' lang='lat' dir='ltr'><strong>sunt</strong></span> <span class='ocrx_word' id='word_1_116' title='bbox 788 2086 900 2131; x_wconf 90' lang='lat' dir='ltr'><strong>omnes</strong></span> <span class='ocrx_word' id='word_1_117' title='bbox 914 2073 1042 2129; x_wconf 88' lang='lat' dir='ltr'><strong>nostras</strong></span> <span class='ocrx_word' id='word_1_118' title='bbox 1057 2065 1138 2130; x_wconf 89' lang='lat' dir='ltr'><strong>serie</strong></span> <span class='ocrx_word' id='word_1_119' title='bbox 1156 2074 1190 2129; x_wconf 89' lang='lat' dir='ltr'><strong>et</strong></span> <span class='ocrx_word' id='word_1_120' title='bbox 1207 2063 1400 2128; x_wconf 88' lang='lat' dir='ltr'><strong>sermocina-</strong></span> 
     </span>
     <span class='ocr_line' id='line_1_17' title="bbox 296 2165 1401 2252; baseline -0.002 -20"><span class='ocrx_word' id='word_1_121' title='bbox 296 2169 394 2232; x_wconf 90' lang='lat' dir='ltr'><strong>tionis</strong></span> <span class='ocrx_word' id='word_1_122' title='bbox 408 2169 592 2232; x_wconf 85' lang='lat' dir='ltr'><strong>litterarum</strong></span> <span class='ocrx_word' id='word_1_123' title='bbox 603 2169 748 2252; x_wconf 77' lang='lat' dir='ltr'><strong>apicibus</strong></span> <span class='ocrx_word' id='word_1_124' title='bbox 766 2167 1014 2246; x_wconf 85' lang='lat' dir='ltr'><strong>confirmandos,</strong></span> <span class='ocrx_word' id='word_1_125' title='bbox 1024 2189 1067 2232; x_wconf 96' lang='lat' dir='ltr'><strong>ne</strong></span> <span class='ocrx_word' id='word_1_126' title='bbox 1080 2189 1225 2252; x_wconf 87' lang='lat' dir='ltr'><strong>unquam</strong></span> <span class='ocrx_word' id='word_1_127' title='bbox 1239 2167 1306 2231; x_wconf 91' lang='lat' dir='ltr'><strong>ulla</strong></span> <span class='ocrx_word' id='word_1_128' title='bbox 1320 2165 1401 2231; x_wconf 90' lang='lat' dir='ltr'><strong>obli-</strong></span> 
     </span>
     <span class='ocr_line' id='line_1_18' title="bbox 296 2269 1403 2357; baseline -0.003 -22"><span class='ocrx_word' id='word_1_129' title='bbox 296 2273 390 2335; x_wconf 86' lang='lat' dir='ltr'><strong>vione</strong></span> <span class='ocrx_word' id='word_1_130' title='bbox 414 2271 594 2350; x_wconf 86' lang='lat' dir='ltr'><strong>tradantur,</strong></span> <span class='ocrx_word' id='word_1_131' title='bbox 618 2271 673 2336; x_wconf 91' lang='lat' dir='ltr'><strong>sed</strong></span> <span class='ocrx_word' id='word_1_132' title='bbox 699 2281 853 2357; x_wconf 88' lang='lat' dir='ltr'><strong>perpetua</strong></span> <span class='ocrx_word' id='word_1_133' title='bbox 873 2272 1030 2336; x_wconf 90' lang='lat' dir='ltr'><strong>memoria</strong></span> <span class='ocrx_word' id='word_1_134' title='bbox 1052 2281 1228 2351; x_wconf 89' lang='lat' dir='ltr'><strong>serventur,</strong></span> <span class='ocrx_word' id='word_1_135' title='bbox 1252 2269 1403 2354; x_wconf 90' lang='lat' dir='ltr'><strong>quicquid</strong></span> 
     </span>
     <span class='ocr_line' id='line_1_19' title="bbox 295 2373 1403 2460; baseline -0.002 -21"><span class='ocrx_word' id='word_1_136' title='bbox 295 2395 385 2458; x_wconf 78' lang='lat' dir='ltr'><strong>reges</strong></span> <span class='ocrx_word' id='word_1_137' title='bbox 403 2396 439 2439; x_wconf 90' lang='lat' dir='ltr'><strong>ac</strong></span> <span class='ocrx_word' id='word_1_138' title='bbox 456 2374 673 2458; x_wconf 79' lang='lat' dir='ltr'><strong>praecedentes</strong></span> <span class='ocrx_word' id='word_1_139' title='bbox 690 2383 797 2460; x_wconf 87' lang='lat' dir='ltr'><strong>patres</strong></span> <span class='ocrx_word' id='word_1_140' title='bbox 815 2375 952 2440; x_wconf 88' lang='lat' dir='ltr'><strong>firmiter</strong></span> <span class='ocrx_word' id='word_1_141' title='bbox 969 2376 1218 2441; x_wconf 81' lang='lat' dir='ltr'><strong>constituenmt.</strong></span> <span class='ocrx_word' id='word_1_142' title='bbox 1265 2377 1340 2441; x_wconf 79' lang='lat' dir='ltr'><strong>Qua</strong></span> <span class='ocrx_word' id='word_1_143' title='bbox 1362 2373 1403 2437; x_wconf 91' lang='lat' dir='ltr'><strong>de</strong></span> 
     </span>
     <span class='ocr_line' id='line_1_20' title="bbox 296 2478 1401 2565; baseline -0.001 -22"><span class='ocrx_word' id='word_1_144' title='bbox 296 2500 331 2543; x_wconf 89' lang='lat' dir='ltr'><strong>re</strong></span> <span class='ocrx_word' id='word_1_145' title='bbox 352 2499 412 2563; x_wconf 82' lang='lat' dir='ltr'><strong>ego</strong></span> <span class='ocrx_word' id='word_1_146' title='bbox 435 2478 663 2557; x_wconf 81' lang='lat' dir='ltr'><strong>Berhtwnllus,</strong></span> <span class='ocrx_word' id='word_1_147' title='bbox 688 2479 796 2544; x_wconf 87' lang='lat' dir='ltr'><strong>divino</strong></span> <span class='ocrx_word' id='word_1_148' title='bbox 816 2479 919 2543; x_wconf 83' lang='lat' dir='ltr'><strong>firltus</strong></span> <span class='ocrx_word' id='word_1_149' title='bbox 940 2479 1094 2565; x_wconf 84' lang='lat' dir='ltr'><strong>suffragio</strong></span> <span class='ocrx_word' id='word_1_150' title='bbox 1114 2500 1170 2542; x_wconf 83' lang='lat' dir='ltr'><strong>rex</strong></span> <span class='ocrx_word' id='word_1_151' title='bbox 1192 2478 1401 2555; x_wconf 85' lang='lat' dir='ltr'><strong>Marciorum,</strong></span> 
     </span>
    </p>
   </div>
   <div class='ocr_carea' id='block_1_3' title="bbox 180 2582 1401 2675">
    <p class='ocr_par' dir='ltr' id='par_1_3' title="bbox 180 2582 1401 2675">
     <span class='ocr_line' id='line_1_21' title="bbox 180 2582 1401 2675; baseline -0.001 -28"><span class='ocrx_word' id='word_1_152' title='bbox 180 2668 184 2675; x_wconf 19' lang='grc' dir='ltr'>ι</span> <span class='ocrx_word' id='word_1_153' title='bbox 295 2603 369 2647; x_wconf 92' lang='lat' dir='ltr'><strong>cum</strong></span> <span class='ocrx_word' id='word_1_154' title='bbox 387 2603 545 2647; x_wconf 87' lang='lat' dir='ltr'><strong>consensu</strong></span> <span class='ocrx_word' id='word_1_155' title='bbox 568 2589 602 2645; x_wconf 91' lang='lat' dir='ltr'><strong>et</strong></span> <span class='ocrx_word' id='word_1_156' title='bbox 619 2582 754 2646; x_wconf 89' lang='lat' dir='ltr'><strong>consilio</strong></span> <span class='ocrx_word' id='word_1_157' title='bbox 773 2582 955 2666; x_wconf 87' lang='lat' dir='ltr'><strong>principum</strong></span> <span class='ocrx_word' id='word_1_158' title='bbox 978 2604 1015 2647; x_wconf 91' lang='lat' dir='ltr'><strong>ac</strong></span> <span class='ocrx_word' id='word_1_159' title='bbox 1033 2583 1283 2667; x_wconf 85' lang='lat' dir='ltr'><strong>magistratuum</strong></span> <span class='ocrx_word' id='word_1_160' title='bbox 1303 2582 1401 2646; x_wconf 85' lang='lat' dir='ltr'><strong>Moer-</strong></span> 
     </span>
    </p>
   </div>
   <div class='ocr_carea' id='block_1_4' title="bbox 291 2683 1403 4523">
    <p class='ocr_par' dir='ltr' id='par_1_4' title="bbox 291 2683 1403 4523">
     <span class='ocr_line' id='line_1_22' title="bbox 294 2683 1401 2768; baseline 0 -21"><span class='ocrx_word' id='word_1_161' title='bbox 294 2684 460 2748; x_wconf 87' lang='lat' dir='ltr'><strong>cianorum</strong></span> <span class='ocrx_word' id='word_1_162' title='bbox 489 2684 606 2768; x_wconf 87' lang='lat' dir='ltr'><strong>gentis,</strong></span> <span class='ocrx_word' id='word_1_163' title='bbox 637 2683 760 2749; x_wconf 90' lang='lat' dir='ltr'><strong>donans</strong></span> <span class='ocrx_word' id='word_1_164' title='bbox 794 2685 921 2749; x_wconf 89' lang='lat' dir='ltr'><strong>donabo</strong></span> <span class='ocrx_word' id='word_1_165' title='bbox 950 2684 1125 2750; x_wconf 74' lang='lat' dir='ltr'><strong>venerabili</strong></span> <span class='ocrx_word' id='word_1_166' title='bbox 1157 2683 1269 2749; x_wconf 87' lang='lat' dir='ltr'><strong>abbati</strong></span> <span class='ocrx_word' id='word_1_167' title='bbox 1299 2684 1401 2747; x_wconf 81' lang='lat' dir='ltr'><strong>AEan-</strong></span> 
     </span>
     <span class='ocr_line' id='line_1_23' title="bbox 293 2786 1402 2870; baseline 0 -21"><span class='ocrx_word' id='word_1_168' title='bbox 293 2786 415 2851; x_wconf 90' lang='lat' dir='ltr'><strong>muudo</strong></span> <span class='ocrx_word' id='word_1_169' title='bbox 438 2794 471 2851; x_wconf 91' lang='lat' dir='ltr'><strong>et</strong></span> <span class='ocrx_word' id='word_1_170' title='bbox 494 2787 564 2870; x_wconf 84' lang='lat' dir='ltr'><strong>ejus</strong></span> <span class='ocrx_word' id='word_1_171' title='bbox 585 2788 716 2852; x_wconf 79' lang='lat' dir='ltr'><strong>familiae</strong></span> <span class='ocrx_word' id='word_1_172' title='bbox 738 2796 858 2852; x_wconf 77' lang='lat' dir='ltr'><strong>sanctae</strong></span> <span class='ocrx_word' id='word_1_173' title='bbox 881 2787 1142 2870; x_wconf 81' lang='lat' dir='ltr'><strong>congregationis</strong></span> <span class='ocrx_word' id='word_1_174' title='bbox 1164 2786 1402 2851; x_wconf 88' lang='lat' dir='ltr'><strong>Breodunensis</strong></span> 
     </span>
     <span class='ocr_line' id='line_1_24' title="bbox 294 2877 1401 2973; baseline 0.002 -22"><span class='ocrx_word' id='word_1_175' title='bbox 294 2890 481 2953; x_wconf 89' lang='lat' dir='ltr'><strong>monasterii</strong></span> <span class='ocrx_word' id='word_1_176' title='bbox 496 2890 593 2953; x_wconf 90' lang='lat' dir='ltr'><strong>istam</strong></span> <span class='ocrx_word' id='word_1_177' title='bbox 607 2890 765 2955; x_wconf 82' lang='lat' dir='ltr'><strong>libertatis</strong></span> <span class='ocrx_word' id='word_1_178' title='bbox 784 2891 922 2973; x_wconf 85' lang='lat' dir='ltr'><strong>gratiam</strong></span> <span class='ocrx_word' id='word_1_179' title='bbox 937 2877 1025 2954; x_wconf 75' lang='lat' dir='ltr'><strong>illini</strong></span> <span class='ocrx_word' id='word_1_180' title='bbox 1040 2889 1229 2954; x_wconf 87' lang='lat' dir='ltr'><strong>monasterii</strong></span> <span class='ocrx_word' id='word_1_181' title='bbox 1244 2898 1286 2954; x_wconf 84' lang='lat' dir='ltr'><strong>set</strong></span> <span class='ocrx_word' id='word_1_182' title='bbox 1301 2892 1401 2953; x_wconf 88' lang='lat' dir='ltr'><strong>Breo-</strong></span> 
     </span>
     <span class='ocr_line' id='line_1_25' title="bbox 293 2982 1401 3078; baseline 0.001 -23"><span class='ocrx_word' id='word_1_183' title='bbox 293 2992 391 3071; x_wconf 91' lang='lat' dir='ltr'><strong>dune,</strong></span> <span class='ocrx_word' id='word_1_184' title='bbox 401 2993 481 3055; x_wconf 90' lang='lat' dir='ltr'><strong>mihi</strong></span> <span class='ocrx_word' id='word_1_185' title='bbox 496 3001 529 3056; x_wconf 92' lang='lat' dir='ltr'><strong>et</strong></span> <span class='ocrx_word' id='word_1_186' title='bbox 543 2982 692 3057; x_wconf 88' lang='lat' dir='ltr'><strong>omnibus</strong></span> <span class='ocrx_word' id='word_1_187' title='bbox 707 2993 848 3071; x_wconf 82' lang='lat' dir='ltr'><strong>Maercis,</strong></span> <span class='ocrx_word' id='word_1_188' title='bbox 857 3003 926 3057; x_wconf 90' lang='lat' dir='ltr'><strong>tam</strong></span> <span class='ocrx_word' id='word_1_189' title='bbox 941 3016 1001 3077; x_wconf 90' lang='lat' dir='ltr'><strong>pro</strong></span> <span class='ocrx_word' id='word_1_190' title='bbox 1012 2994 1082 3058; x_wconf 90' lang='lat' dir='ltr'><strong>Deo</strong></span> <span class='ocrx_word' id='word_1_191' title='bbox 1094 3015 1191 3077; x_wconf 88' lang='lat' dir='ltr'><strong>quam</strong></span> <span class='ocrx_word' id='word_1_192' title='bbox 1201 3016 1260 3078; x_wconf 91' lang='lat' dir='ltr'><strong>pro</strong></span> <span class='ocrx_word' id='word_1_193' title='bbox 1274 2994 1401 3072; x_wconf 78' lang='lat' dir='ltr'><strong>saeculo,</strong></span> 
     </span>
     <span class='ocr_line' id='line_1_26' title="bbox 293 3094 1401 3179; baseline 0.002 -21"><span class='ocrx_word' id='word_1_194' title='bbox 293 3095 329 3158; x_wconf 91' lang='lat' dir='ltr'><strong>in</strong></span> <span class='ocrx_word' id='word_1_195' title='bbox 344 3094 554 3159; x_wconf 80' lang='lat' dir='ltr'><strong>elemosinam</strong></span> <span class='ocrx_word' id='word_1_196' title='bbox 573 3095 811 3179; x_wconf 86' lang='lat' dir='ltr'><strong>sempiternam.</strong></span> <span class='ocrx_word' id='word_1_197' title='bbox 857 3097 898 3164; x_wconf 94' lang='lat' dir='ltr'><strong>Id</strong></span> <span class='ocrx_word' id='word_1_198' title='bbox 917 3104 977 3176; x_wconf 89' lang='lat' dir='ltr'><strong>eat,</strong></span> <span class='ocrx_word' id='word_1_199' title='bbox 994 3104 1031 3161; x_wconf 89' lang='lat' dir='ltr'><strong>ut</strong></span> <span class='ocrx_word' id='word_1_200' title='bbox 1046 3098 1089 3160; x_wconf 92' lang='lat' dir='ltr'><strong>sit</strong></span> <span class='ocrx_word' id='word_1_201' title='bbox 1102 3097 1275 3161; x_wconf 91' lang='lat' dir='ltr'><strong>liberatum</strong></span> <span class='ocrx_word' id='word_1_202' title='bbox 1292 3104 1326 3160; x_wconf 89' lang='lat' dir='ltr'><strong>et</strong></span> <span class='ocrx_word' id='word_1_203' title='bbox 1345 3096 1401 3161; x_wconf 90' lang='lat' dir='ltr'><strong>ab·</strong></span> 
     </span>
     <span class='ocr_line' id='line_1_27' title="bbox 295 3198 1402 3285; baseline 0.003 -25"><span class='ocrx_word' id='word_1_204' title='bbox 295 3198 437 3261; x_wconf 91' lang='lat' dir='ltr'><strong>solutum</strong></span> <span class='ocrx_word' id='word_1_205' title='bbox 452 3198 533 3261; x_wconf 87' lang='lat' dir='ltr'><strong>illud</strong></span> <span class='ocrx_word' id='word_1_206' title='bbox 548 3198 778 3261; x_wconf 88' lang='lat' dir='ltr'><strong>monasterium</strong></span> <span class='ocrx_word' id='word_1_207' title='bbox 799 3199 840 3263; x_wconf 87' lang='lat' dir='ltr'><strong>ab</strong></span> <span class='ocrx_word' id='word_1_208' title='bbox 860 3200 925 3263; x_wconf 89' lang='lat' dir='ltr'><strong>illis</strong></span> <span class='ocrx_word' id='word_1_209' title='bbox 943 3200 1050 3265; x_wconf 88' lang='lat' dir='ltr'><strong>causis</strong></span> <span class='ocrx_word' id='word_1_210' title='bbox 1064 3223 1144 3285; x_wconf 89' lang='lat' dir='ltr'><strong>quas</strong></span> <span class='ocrx_word' id='word_1_211' title='bbox 1158 3200 1354 3265; x_wconf 79' lang='lat' dir='ltr'><strong>cumfeorme</strong></span> <span class='ocrx_word' id='word_1_212' title='bbox 1368 3208 1402 3264; x_wconf 91' lang='lat' dir='ltr'><strong>et</strong></span> 
     </span>
     <span class='ocr_line' id='line_1_28' title="bbox 293 3299 1401 3387; baseline 0.005 -25"><span class='ocrx_word' id='word_1_213' title='bbox 293 3300 382 3362; x_wconf 86' lang='lat' dir='ltr'><strong>eafcr</strong></span> <span class='ocrx_word' id='word_1_214' title='bbox 407 3299 584 3363; x_wconf 85' lang='lat' dir='ltr'><strong>vocitemus</strong></span> <span class='ocrx_word' id='word_1_215' title='bbox 594 3326 604 3379; x_wconf 77' lang='lat'>3</span> <span class='ocrx_word' id='word_1_216' title='bbox 637 3308 706 3363; x_wconf 89' lang='lat' dir='ltr'><strong>tam</strong></span> <span class='ocrx_word' id='word_1_217' title='bbox 730 3322 749 3363; x_wconf 89' lang='lat' dir='ltr'><strong>a</strong></span> <span class='ocrx_word' id='word_1_218' title='bbox 771 3310 867 3385; x_wconf 84' lang='lat' dir='ltr'><strong>pastu</strong></span> <span class='ocrx_word' id='word_1_219' title='bbox 896 3304 1128 3387; x_wconf 91' lang='lat' dir='ltr'><strong>ancipitrornm</strong></span> <span class='ocrx_word' id='word_1_220' title='bbox 1157 3326 1303 3369; x_wconf 91' lang='lat' dir='ltr'><strong>meorum</strong></span> <span class='ocrx_word' id='word_1_221' title='bbox 1324 3320 1401 3368; x_wconf 86' lang='lat' dir='ltr'><strong>‘om-</strong></span> 
     </span>
     <span class='ocr_line' id='line_1_29' title="bbox 294 3402 1401 3493; baseline 0.008 -29"><span class='ocrx_word' id='word_1_222' title='bbox 294 3402 397 3481; x_wconf 89' lang='lat' dir='ltr'><strong>nium,</strong></span> <span class='ocrx_word' id='word_1_223' title='bbox 413 3424 511 3486; x_wconf 89' lang='lat' dir='ltr'><strong>quam</strong></span> <span class='ocrx_word' id='word_1_224' title='bbox 529 3403 626 3467; x_wconf 87' lang='lat' dir='ltr'><strong>etiam</strong></span> <span class='ocrx_word' id='word_1_225' title='bbox 640 3412 829 3469; x_wconf 84' lang='lat' dir='ltr'><strong>venatorum</strong></span> <span class='ocrx_word' id='word_1_226' title='bbox 849 3408 1007 3487; x_wconf 88' lang='lat' dir='ltr'><strong>omnium,</strong></span> <span class='ocrx_word' id='word_1_227' title='bbox 1023 3409 1074 3472; x_wconf 90' lang='lat' dir='ltr'><strong>vel</strong></span> <span class='ocrx_word' id='word_1_228' title='bbox 1092 3431 1112 3472; x_wconf 88' lang='lat' dir='ltr'><strong>a</strong></span> <span class='ocrx_word' id='word_1_229' title='bbox 1133 3417 1227 3491; x_wconf 91' lang='lat' dir='ltr'><strong>pastu</strong></span> <span class='ocrx_word' id='word_1_230' title='bbox 1245 3430 1401 3493; x_wconf 87' lang='lat' dir='ltr'><strong>equorum</strong></span> 
     </span>
     <span class='ocr_line' id='line_1_30' title="bbox 294 3506 1402 3595; baseline 0.007 -27"><span class='ocrx_word' id='word_1_231' title='bbox 294 3526 440 3569; x_wconf 85' lang='lat' dir='ltr'><strong>meorum</strong></span> <span class='ocrx_word' id='word_1_232' title='bbox 462 3506 619 3585; x_wconf 91' lang='lat' dir='ltr'><strong>omnium,</strong></span> <span class='ocrx_word' id='word_1_233' title='bbox 634 3506 700 3570; x_wconf 84' lang='lat' dir='ltr'><strong>sive</strong></span> <span class='ocrx_word' id='word_1_234' title='bbox 714 3507 937 3573; x_wconf 90' lang='lat' dir='ltr'><strong>ministrorum</strong></span> <span class='ocrx_word' id='word_1_235' title='bbox 952 3532 1075 3575; x_wconf 90' lang='lat' dir='ltr'><strong>corum.</strong></span> <span class='ocrx_word' id='word_1_236' title='bbox 1126 3511 1215 3577; x_wconf 78' lang='lat' dir='ltr'><strong>Quid</strong></span> <span class='ocrx_word' id='word_1_237' title='bbox 1229 3512 1345 3595; x_wconf 79' lang='lat' dir='ltr'><strong>plural</strong></span> <span class='ocrx_word' id='word_1_238' title='bbox 1362 3511 1402 3576; x_wconf 94' lang='lat' dir='ltr'><strong>ab</strong></span> 
     </span>
     <span class='ocr_line' id='line_1_31' title="bbox 294 3607 1403 3691; baseline 0.006 -21"><span class='ocrx_word' id='word_1_239' title='bbox 294 3607 383 3671; x_wconf 91' lang='lat' dir='ltr'><strong>omni</strong></span> <span class='ocrx_word' id='word_1_240' title='bbox 397 3608 454 3671; x_wconf 91' lang='lat' dir='ltr'><strong>illa</strong></span> <span class='ocrx_word' id='word_1_241' title='bbox 468 3608 732 3673; x_wconf 86' lang='lat' dir='ltr'><strong>incommoditate</strong></span> <span class='ocrx_word' id='word_1_242' title='bbox 746 3610 837 3674; x_wconf 76' lang='lat' dir='ltr'><strong>safres</strong></span> <span class='ocrx_word' id='word_1_243' title='bbox 854 3618 888 3675; x_wconf 90' lang='lat' dir='ltr'><strong>et</strong></span> <span class='ocrx_word' id='word_1_244' title='bbox 906 3612 1115 3691; x_wconf 86' lang='lat' dir='ltr'><strong>cumfeorme,</strong></span> <span class='ocrx_word' id='word_1_245' title='bbox 1131 3614 1194 3677; x_wconf 91' lang='lat' dir='ltr'><strong>nisi</strong></span> <span class='ocrx_word' id='word_1_246' title='bbox 1211 3613 1284 3677; x_wconf 90' lang='lat' dir='ltr'><strong>istis</strong></span> <span class='ocrx_word' id='word_1_247' title='bbox 1298 3614 1403 3679; x_wconf 87' lang='lat' dir='ltr'><strong>causis</strong></span> 
     </span>
     <span class='ocr_line' id='line_1_32' title="bbox 293 3710 1402 3795; baseline 0.006 -23"><span class='ocrx_word' id='word_1_248' title='bbox 293 3732 373 3793; x_wconf 86' lang='lat' dir='ltr'><strong>quas</strong></span> <span class='ocrx_word' id='word_1_249' title='bbox 397 3710 451 3774; x_wconf 90' lang='lat' dir='ltr'><strong>hic</strong></span> <span class='ocrx_word' id='word_1_250' title='bbox 477 3710 698 3776; x_wconf 89' lang='lat' dir='ltr'><strong>nominamus:</strong></span> <span class='ocrx_word' id='word_1_251' title='bbox 729 3733 891 3795; x_wconf 70' lang='lat' dir='ltr'><strong>precones</strong></span> <span class='ocrx_word' id='word_1_252' title='bbox 919 3714 947 3777; x_wconf 92' lang='lat' dir='ltr'><strong>si</strong></span> <span class='ocrx_word' id='word_1_253' title='bbox 971 3722 1170 3779; x_wconf 89' lang='lat' dir='ltr'><strong>transmare</strong></span> <span class='ocrx_word' id='word_1_254' title='bbox 1189 3717 1337 3781; x_wconf 88' lang='lat' dir='ltr'><strong>venirent</strong></span> <span class='ocrx_word' id='word_1_255' title='bbox 1361 3716 1402 3779; x_wconf 91' lang='lat' dir='ltr'><strong>ad</strong></span> 
     </span>
     <span class='ocr_line' id='line_1_33' title="bbox 293 3814 1402 3900; baseline 0.006 -23"><span class='ocrx_word' id='word_1_256' title='bbox 293 3836 402 3897; x_wconf 79' lang='lat' dir='ltr'><strong>regem</strong></span> <span class='ocrx_word' id='word_1_257' title='bbox 418 3814 556 3892; x_wconf 88' lang='lat' dir='ltr'><strong>venturi,</strong></span> <span class='ocrx_word' id='word_1_258' title='bbox 572 3815 622 3878; x_wconf 89' lang='lat' dir='ltr'><strong>vel</strong></span> <span class='ocrx_word' id='word_1_259' title='bbox 641 3816 748 3879; x_wconf 89' lang='lat' dir='ltr'><strong>nuntii</strong></span> <span class='ocrx_word' id='word_1_260' title='bbox 768 3816 922 3900; x_wconf 86' lang='lat' dir='ltr'><strong>degente</strong></span> <span class='ocrx_word' id='word_1_261' title='bbox 943 3819 1202 3883; x_wconf 84' lang='lat' dir='ltr'><strong>occidentalium</strong></span> <span class='ocrx_word' id='word_1_262' title='bbox 1224 3822 1402 3897; x_wconf 84' lang='lat' dir='ltr'><strong>Saxonum,</strong></span> 
     </span>
     <span class='ocr_line' id='line_1_34' title="bbox 292 3916 1401 4002; baseline 0.004 -22"><span class='ocrx_word' id='word_1_263' title='bbox 292 3917 343 3981; x_wconf 84' lang='lat' dir='ltr'><strong>vel</strong></span> <span class='ocrx_word' id='word_1_264' title='bbox 365 3917 404 3981; x_wconf 91' lang='lat' dir='ltr'><strong>de</strong></span> <span class='ocrx_word' id='word_1_265' title='bbox 427 3922 523 4000; x_wconf 85' lang='lat' dir='ltr'><strong>gente</strong></span> <span class='ocrx_word' id='word_1_266' title='bbox 541 3916 898 4002; x_wconf 76' lang='lat' dir='ltr'><strong>Norbanhymbrorum,</strong></span> <span class='ocrx_word' id='word_1_267' title='bbox 920 3921 948 3983; x_wconf 91' lang='lat' dir='ltr'><strong>si</strong></span> <span class='ocrx_word' id='word_1_268' title='bbox 971 3921 1118 3984; x_wconf 86' lang='lat' dir='ltr'><strong>venirent</strong></span> <span class='ocrx_word' id='word_1_269' title='bbox 1139 3922 1180 3985; x_wconf 90' lang='lat' dir='ltr'><strong>ad</strong></span> <span class='ocrx_word' id='word_1_270' title='bbox 1203 3922 1317 3986; x_wconf 85' lang='lat' dir='ltr'><strong>horam</strong></span> <span class='ocrx_word' id='word_1_271' title='bbox 1336 3931 1401 3986; x_wconf 89' lang='lat' dir='ltr'><strong>ter-</strong></span> 
     </span>
     <span class='ocr_line' id='line_1_35' title="bbox 291 4018 1402 4108; baseline 0.004 -24"><span class='ocrx_word' id='word_1_272' title='bbox 291 4021 372 4084; x_wconf 90' lang='lat' dir='ltr'><strong>tiam</strong></span> <span class='ocrx_word' id='word_1_273' title='bbox 396 4019 471 4097; x_wconf 92' lang='lat' dir='ltr'><strong>diei,</strong></span> <span class='ocrx_word' id='word_1_274' title='bbox 493 4018 544 4083; x_wconf 84' lang='lat' dir='ltr'><strong>vel</strong></span> <span class='ocrx_word' id='word_1_275' title='bbox 566 4019 606 4081; x_wconf 91' lang='lat' dir='ltr'><strong>ad</strong></span> <span class='ocrx_word' id='word_1_276' title='bbox 629 4019 770 4082; x_wconf 90' lang='lat' dir='ltr'><strong>medium</strong></span> <span class='ocrx_word' id='word_1_277' title='bbox 792 4021 888 4101; x_wconf 90' lang='lat' dir='ltr'><strong>diem,</strong></span> <span class='ocrx_word' id='word_1_278' title='bbox 912 4021 1042 4088; x_wconf 89' lang='lat' dir='ltr'><strong>dabitur</strong></span> <span class='ocrx_word' id='word_1_279' title='bbox 1067 4024 1132 4088; x_wconf 87' lang='lat' dir='ltr'><strong>illis</strong></span> <span class='ocrx_word' id='word_1_280' title='bbox 1154 4025 1326 4108; x_wconf 91' lang='lat' dir='ltr'><strong>prandium</strong></span> <span class='ocrx_word' id='word_1_281' title='bbox 1333 4051 1345 4104; x_wconf 86' lang='lat'>;</span> <span class='ocrx_word' id='word_1_282' title='bbox 1375 4024 1402 4088; x_wconf 89' lang='lat' dir='ltr'><strong>si</strong></span> 
     </span>
     <span class='ocr_line' id='line_1_36' title="bbox 292 4123 1401 4211; baseline 0.004 -24"><span class='ocrx_word' id='word_1_283' title='bbox 292 4124 439 4189; x_wconf 89' lang='lat' dir='ltr'><strong>venirent</strong></span> <span class='ocrx_word' id='word_1_284' title='bbox 454 4144 551 4207; x_wconf 88' lang='lat' dir='ltr'><strong>supra</strong></span> <span class='ocrx_word' id='word_1_285' title='bbox 564 4144 683 4186; x_wconf 89' lang='lat' dir='ltr'><strong>nonam</strong></span> <span class='ocrx_word' id='word_1_286' title='bbox 699 4123 821 4204; x_wconf 87' lang='lat' dir='ltr'><strong>horam,</strong></span> <span class='ocrx_word' id='word_1_287' title='bbox 833 4134 913 4189; x_wconf 90' lang='lat' dir='ltr'><strong>tunc</strong></span> <span class='ocrx_word' id='word_1_288' title='bbox 925 4126 1056 4191; x_wconf 88' lang='lat' dir='ltr'><strong>dabitur</strong></span> <span class='ocrx_word' id='word_1_289' title='bbox 1070 4128 1117 4191; x_wconf 88' lang='lat' dir='ltr'><strong>eis</strong></span> <span class='ocrx_word' id='word_1_290' title='bbox 1134 4128 1238 4193; x_wconf 88' lang='lat' dir='ltr'><strong>noetis</strong></span> <span class='ocrx_word' id='word_1_291' title='bbox 1252 4135 1401 4211; x_wconf 89' lang='lat' dir='ltr'><strong>pastum;</strong></span> 
     </span>
     <span class='ocr_line' id='line_1_37' title="bbox 292 4226 1402 4315; baseline 0.004 -24"><span class='ocrx_word' id='word_1_292' title='bbox 292 4235 325 4291; x_wconf 90' lang='lat' dir='ltr'><strong>et</strong></span> <span class='ocrx_word' id='word_1_293' title='bbox 347 4227 466 4291; x_wconf 86' lang='lat' dir='ltr'><strong>iterum</strong></span> <span class='ocrx_word' id='word_1_294' title='bbox 490 4226 530 4290; x_wconf 92' lang='lat' dir='ltr'><strong>de</strong></span> <span class='ocrx_word' id='word_1_295' title='bbox 553 4247 647 4289; x_wconf 91' lang='lat' dir='ltr'><strong>mane</strong></span> <span class='ocrx_word' id='word_1_296' title='bbox 669 4236 804 4309; x_wconf 86' lang='lat' dir='ltr'><strong>pergent</strong></span> <span class='ocrx_word' id='word_1_297' title='bbox 825 4228 859 4290; x_wconf 94' lang='lat' dir='ltr'><strong>in</strong></span> <span class='ocrx_word' id='word_1_298' title='bbox 877 4230 962 4293; x_wconf 91' lang='lat' dir='ltr'><strong>viam</strong></span> <span class='ocrx_word' id='word_1_299' title='bbox 982 4252 1086 4295; x_wconf 89' lang='lat' dir='ltr'><strong>suam.</strong></span> <span class='ocrx_word' id='word_1_300' title='bbox 1132 4231 1185 4297; x_wconf 89' lang='lat' dir='ltr'><strong>Ob</strong></span> <span class='ocrx_word' id='word_1_301' title='bbox 1205 4232 1303 4315; x_wconf 86' lang='lat' dir='ltr'><strong>hujus</strong></span> <span class='ocrx_word' id='word_1_302' title='bbox 1325 4253 1402 4315; x_wconf 85' lang='lat' dir='ltr'><strong>ergo</strong></span> 
     </span>
     <span class='ocr_line' id='line_1_38' title="bbox 292 4330 1403 4413; baseline 0.007 -21"><span class='ocrx_word' id='word_1_303' title='bbox 292 4330 338 4393; x_wconf 88' lang='lat' dir='ltr'><strong>rei</strong></span> <span class='ocrx_word' id='word_1_304' title='bbox 358 4330 505 4413; x_wconf 86' lang='lat' dir='ltr'><strong>gratiam,</strong></span> <span class='ocrx_word' id='word_1_305' title='bbox 530 4330 596 4412; x_wconf 89' lang='lat' dir='ltr'><strong>ipse</strong></span> <span class='ocrx_word' id='word_1_306' title='bbox 612 4351 687 4393; x_wconf 89' lang='lat' dir='ltr'><strong>vero</strong></span> <span class='ocrx_word' id='word_1_307' title='bbox 709 4332 912 4413; x_wconf 87' lang='lat' dir='ltr'><strong>supradictus</strong></span> <span class='ocrx_word' id='word_1_308' title='bbox 935 4335 1111 4398; x_wconf 87' lang='lat' dir='ltr'><strong>Eanmund</strong></span> <span class='ocrx_word' id='word_1_309' title='bbox 1134 4336 1233 4399; x_wconf 86' lang='lat' dir='ltr'><strong>abbas</strong></span> <span class='ocrx_word' id='word_1_310' title='bbox 1255 4357 1292 4399; x_wconf 88' lang='lat' dir='ltr'><strong>ae</strong></span> <span class='ocrx_word' id='word_1_311' title='bbox 1314 4335 1403 4399; x_wconf 90' lang='lat' dir='ltr'><strong>illius</strong></span> 
     </span>
     <span class='ocr_line' id='line_1_39' title="bbox 292 4432 1401 4523; baseline 0.007 -28"><span class='ocrx_word' id='word_1_312' title='bbox 292 4432 554 4516; x_wconf 84' lang='lat' dir='ltr'><strong>supranominata</strong></span> <span class='ocrx_word' id='word_1_313' title='bbox 575 4433 696 4496; x_wconf 86' lang='lat' dir='ltr'><strong>familia</strong></span> <span class='ocrx_word' id='word_1_314' title='bbox 720 4442 761 4497; x_wconf 86' lang='lat' dir='ltr'><strong>aet</strong></span> <span class='ocrx_word' id='word_1_315' title='bbox 788 4435 968 4515; x_wconf 92' lang='lat' dir='ltr'><strong>Breodune,</strong></span> <span class='ocrx_word' id='word_1_316' title='bbox 988 4437 1027 4500; x_wconf 87' lang='lat' dir='ltr'><strong>ad</strong></span> <span class='ocrx_word' id='word_1_317' title='bbox 1051 4438 1281 4503; x_wconf 90' lang='lat' dir='ltr'><strong>commercium</strong></span> <span class='ocrx_word' id='word_1_318' title='bbox 1303 4439 1401 4523; x_wconf 88' lang='lat' dir='ltr'><strong>hujus</strong></span> 
     </span>
    </p>
   </div>
   <div class='ocr_carea' id='block_1_5' title="bbox 0 0 1622 5125">
    <p class='ocr_par' dir='ltr' id='par_1_5' title="bbox 0 0 1622 5125">
     <span class='ocr_line' id='line_1_40' title="bbox 0 0 1622 5125; baseline 0 0"><span class='ocrx_word' id='word_1_319' title='bbox 0 0 1622 5125; x_wconf 95' lang='lat' dir='ltr'><strong> </strong></span> 
     </span>
    </p>
   </div>
  </div>
 </body>
</html>
