3234 5125
276 426 328 479 332
547 422 868 479 MiseELLANEous
889 420 1103 477 CHAR'EERS.

619 632 716 687 KING
735 632 846 688 ONUT.
882 631 1039 687 Mfflv.

321 782 361 861 ›1‹
378 781 449 863 Ego
471 782 558 845 Cnut
578 802 644 859 rex,
675 801 731 864 per
753 780 817 844 Dei
841 780 979 864 gratiam
1008 778 1110 842 totius
1138 776 1267 860 Anglice
1290 778 1382 859 regni

276 889 372 965 atque
396 882 573 960 Danorum,
600 882 806 967 pontificibus
835 882 917 946 meis
941 881 1047 945 revelo
1076 888 1111 944 et
1136 880 1273 944 ducibus
1301 880 1383 944 meis

276 984 495 1067 optimatibus,
512 1006 586 1048 cum
602 985 647 1049 eis
662 985 762 1048 etiam
783 983 915 1048 insimul
930 984 1033 1047 Danis
1048 991 1081 1046 et
1096 983 1222 1067 Anglis‚
1240 981 1326 1065 quod
1341 982 1382 1046 ad

276 1086 506 1150 monasterium
521 1095 613 1150 vetus
628 1088 715 1171 quod
729 1094 777 1150 est
792 1086 827 1150 in
841 1086 1012 1149 Wintouia
1027 1086 1213 1149 eternaliter
1227 1084 1379 1163 concedo,

276 1188 407 1251 Christo
429 1187 468 1251 ad
486 1188 625 1267 laudem,
641 1198 816 1273 sanctoque
840 1189 937 1252 Petro
955 1196 1051 1271 atque
1072 1188 1183 1266 Paulo,
1199 1187 1382 1271 sanctisque

276 1288 356 1353 inibi
371 1290 620 1373 quiescentibus,
636 1291 788 1374 quatinus
807 1289 1038 1354 monasterium
1059 1288 1141 1353 illud
1156 1289 1295 1353 liberum
1309 1310 1380 1372 per-

276 1399 405 1456 maneat
422 1394 462 1458 ab
483 1394 572 1457 omni
591 1393 721 1459 servitio
738 1392 883 1471 seculari,
904 1391 1045 1475 exceptis
1064 1392 1212 1476 operibus
1229 1392 1293 1455 illis
1310 1414 1383 1475 quae

276 1495 400 1559 cunctis
420 1496 547 1579 populis
565 1517 752 1560 communes
772 1504 859 1573 sunt,
875 1496 998 1558 scilicet
1016 1494 1186 1579 expeditio,
1202 1494 1268 1558 sive
1285 1495 1328 1557 sit
1345 1495 1381 1557 in

275 1598 381 1660 navali
403 1597 601 1677 collectione,
624 1598 690 1662 sive
714 1600 750 1661 in
769 1597 919 1681 pedestri,
943 1597 1112 1680 pontisque
1138 1596 1379 1675 instamaticne,

276 1700 424 1782 murique
446 1700 575 1779 fabrica,
592 1707 626 1764 et
648 1699 799 1784 quicquid
816 1700 941 1763 interea
961 1700 1002 1763 ab
1022 1698 1172 1763 omnibus
1190 1699 1382 1781 generaliter

276 1802 547 1883 pernecessarium
569 1800 666 1864 luerit
675 1828 685 1879 3
708 1801 811 1884 viguit
829 1809 938 1864 autem
955 1800 1087 1864 libertas
1107 1800 1170 1863 ista
1186 1800 1284 1883 longo
1299 1808 1380 1864 tem-

276 1924 353 1985 pore
375 1902 416 1966 ad
436 1902 626 1986 praedictum
649 1904 890 1981 monasterium,
913 1903 949 1965 in
970 1902 1084 1967 diebus
1106 1902 1249 1985 priorum
1268 1923 1381 1986 regum

277 2006 332 2089 qui
363 2013 437 2069 ante
470 2026 530 2068 uos
562 2012 787 2089 regiraverrmt.
841 2004 981 2069 Proinde
1011 2005 1203 2088 generaliter
1231 2005 1382 2069 omnibus

276 2109 406 2191 divulgo
426 2116 636 2191 augmentum
660 2108 746 2191 quod
772 2108 849 2173 huie
869 2109 1012 2173 libertati
1034 2108 1160 2172 adicere
1182 2109 1299 2187 curavi,
1322 2130 1382 2194 pro

276 2211 382 2275 anime
402 2232 482 2274 meae
499 2209 729 2294 redemptione,
745 2211 955 2295 omniumque
977 2219 1054 2275 ante
1075 2211 1125 2275 vel
1145 2220 1219 2295 post
1238 2232 1291 2275 me
1308 2233 1380 2295 reg-

276 2312 424 2375 nantium
441 2334 554 2395 regum
563 2338 572 2389 ;
596 2312 631 2375 id
650 2322 726 2376 sunt
746 2313 866 2377 seelera
879 2335 952 2395 quae
967 2313 1119 2377 dicuntur
1134 2314 1271 2397 Anglice
1288 2314 1379 2378 ham-

276 2436 380 2494 socne,
404 2422 437 2478 et
460 2414 646 2494 forsteallas,
670 2422 704 2479 et
727 2415 953 2500 myndbrycas,
974 2416 1143 2499 omnisque
1163 2416 1379 2496 correctionis,

275 2520 340 2584 sive
358 2518 468 2602 magui
485 2519 550 2582 sive
568 2518 666 2603 parvi,
683 2538 778 2602 super
795 2517 960 2582 universos
981 2517 1099 2603 quibus
1118 2518 1247 2584 obedire
1262 2519 1380 2584 debent

275 2622 331 2707 qui
360 2620 555 2685 monasterio
583 2620 639 2684 illc
668 2621 709 2684 ad
738 2642 871 2685 manum
904 2621 967 2685 Dei
993 2629 1146 2706 praesunt.
1199 2623 1299 2686 Nune
1320 2645 1381 2706 ego

275 2745 382 2789 annuo
408 2730 441 2788 et
466 2722 606 2788 concedo
632 2722 715 2786 hane
736 2723 920 2788 libertatem
946 2723 1089 2787 Domino
1111 2744 1194 2802 meo,
1218 2725 1273 2808 qui
1294 2725 1381 2789 bona

274 2826 355 2890 mibi
370 2825 509 2908 plurima
523 2825 689 2903 concessit,
706 2825 823 2908 quibus
843 2826 877 2888 in
897 2825 958 2889 hoo
973 2827 1080 2890 seculo
1095 2826 1281 2909 perfrmctus
1295 2850 1378 2906 sum,

275 2940 308 2993 et
333 2928 427 2992 beato
456 2928 564 3006 Petro,
590 2927 646 3010 qui
673 2936 866 3010 potestatem
896 2928 994 2991 habet
1016 2928 1051 2990 in
1078 2929 1155 2992 caelo
1179 2929 1270 2992 etin
1294 2937 1381 2992 terra

275 3031 395 3114 ligandi
412 3030 556 3113 itemque
571 3029 715 3093 solvendi
730 3031 771 3094 ad
791 3040 939 3094 eternum
953 3030 1096 3094 incolum
1114 3040 1228 3095 contra
1245 3032 1381 3094 crimina

278 3153 410 3215 quaeque
428 3131 558 3194 nefaria.
604 3131 742 3196 Proinde
762 3133 912 3216 praecipio
930 3155 1157 3217 permagnam
1176 3135 1379 3218 majestatem

277 3235 349 3313 Dei,
373 3243 410 3298 ut
432 3234 540 3298 nullus
563 3255 781 3298 successorum
804 3257 951 3299 meorum
973 3236 1057 3300 hanc
1077 3246 1275 3301 commutare
1296 3259 1378 3321 prae-

276 3346 383 3404 sumat
399 3336 593 3401 libertatem.
639 3337 763 3420 Siquis
782 3337 866 3401 forte
882 3359 939 3423 per
958 3339 1134 3422 quamlibet
1153 3341 1378 3418 temeritatem,

275 3449 332 3506 aut
354 3462 411 3525 per
436 3438 627 3503 diabolicam
651 3439 903 3522 instigationem,
927 3441 1011 3505 hanc
1036 3441 1218 3504 libertatem
1242 3442 1377 3525 perfrin-

275 3565 350 3629 gere
370 3541 518 3619 voluerit‚
537 3541 603 3606 sive
628 3542 711 3606 banc
732 3543 970 3606 institutionem
992 3543 1027 3606 in
1047 3542 1135 3606 aliud
1154 3551 1280 3606 mutare
1298 3565 1379 3626 prae·

275 3645 457 3730 sumpserit,
484 3644 526 3706 sit
554 3645 744 3708 maledictus
769 3645 919 3708 omnibus
942 3645 1220 3710 maledictionibus
1243 3667 1315 3729 quoe
1343 3647 1378 3709 in

276 3747 432 3813 universis
461 3747 580 3810 sanctis
611 3748 748 3830 ascripte
772 3754 849 3810 suut
871 3747 982 3825 libris;
1012 3748 1118 3830 sitque
1147 3756 1331 3831 segregatus
1361 3770 1381 3811 a

274 3849 498 3917 communione
516 3849 651 3913 Domini
671 3849 774 3912 nostri
793 3850 893 3912 Ihesu
908 3849 1040 3929 Christi,
1056 3851 1266 3935 omniumque
1285 3873 1376 3917 sanc·

274 3962 382 4017 torum
402 3972 544 4029 sucrum,
560 3951 742 4035 ligatusque
760 3959 941 4034 perseveret
955 3952 1110 4034 quamdiu
1125 3953 1239 4016 vixerit
1256 3953 1377 4016 eisdem

272 4053 424 4120 vinculis¹
449 4075 522 4138 quta
550 4075 607 4138 per
633 4055 771 4138 seipsum
795 4054 955 4118 Dominus
984 4055 1051 4118 suis
1070 4054 1203 4119 tradidit
1225 4057 1377 4140 apostolis

272 4160 368 4223 Petro
391 4165 486 4240 atque
509 4156 633 4234 Paulo,¹
653 4164 686 4220 et
709 4164 782 4240 post
809 4155 1018 4220 maledictum
1043 4157 1166 4221 exitum
1188 4180 1283 4222 suum
1304 4181 1376 4222 eru-

272 4261 375 4327 cietur
396 4260 518 4343 jugiter
537 4258 572 4321 in
596 4257 845 4341 profundissimo
867 4266 974 4340 puteo,
999 4258 1173 4343 ardeatque
1194 4261 1229 4323 in
1250 4261 1377 4326 inferno

723 4394 729 4423 ¹
750 4391 809 4444 MS.
823 4391 925 4445 incolis.
