3234 5125
307 382 359 437 274
577 382 901 438 MISOELLANEOUS
920 382 1135 437 CHARTERS.

308 552 504 633 Uuldeham,
519 554 660 638 primum
678 554 817 619 venditae
831 555 975 619 ecclesia
997 556 1109 619 Sancti
1124 554 1264 619 Andreoe
1278 552 1415 638 apostoli

308 656 349 719 de
380 656 598 736 Hrofeoestrs,
621 664 655 721 et
677 666 790 742 postea
815 666 977 737 extractae,
1004 666 1038 722 et
1063 658 1182 722 iterum
1208 666 1327 741 emptoe
1352 655 1415 741 ipsi

308 758 461 837 ecclcsiae,
470 779 507 823 ac
527 760 669 838 tandem,
685 781 741 843 per
757 759 891 825 beatum
904 762 1114 825 Dunstenum
1129 760 1413 844 archiepiscopum,

305 861 491 945 juramento
516 861 605 925 mille
630 862 772 927 virorum
801 862 906 927 eidem
928 863 1070 927 ecclesiae
1093 862 1268 947 toquisitae,
1290 869 1325 925 et
1341 863 1415 946 jure

310 964 505 1029 hereditario
520 965 555 1028 in
569 972 729 1029 aeternum
743 966 875 1031 relicta.

354 1072 394 1150 ›1‹
412 1068 483 1131 Rex
498 1067 745 1132 AEthelbcrhtus
761 1068 904 1152 primum
921 1068 1157 1133 heredituverat
1172 1066 1212 1131 de
1228 1066 1413 1133 Uuldeham

310 1170 488 1255 apostolum
511 1172 668 1234 Sanctum
680 1163 865 1251 ¹Andreum,
881 1179 915 1235 et
936 1171 1103 1235 ecclesiam
1126 1192 1218 1233 suam
1239 1170 1275 1232 iu
1294 1167 1413 1233 Hrofe-

309 1282 412 1338 cestre
426 1281 546 1337 aeterno
560 1274 644 1357 jure,
661 1282 694 1337 et
712 1273 873 1339 commisit
887 1273 968 1337 illud
984 1274 1167 1337 manerium
1181 1272 1337 1336 Eurdulfo
1347 1272 1413 1355 epi·

309 1397 404 1459 scopo
418 1375 573 1439 Hrofensi
582 1375 622 1439 ad
633 1376 889 1455 custodiendum,
905 1385 939 1440 et
950 1374 1275 1460 ejussuccessoribus.
1307 1375 1414 1458 Igitur

308 1479 343 1541 in
358 1478 507 1541 manibus
521 1499 741 1543 successorum
756 1478 901 1543 ablatum
914 1487 964 1543 est
978 1479 1097 1544 iterum
1112 1477 1257 1562 apostolo
1271 1484 1305 1540 et
1314 1476 1414 1540 eccle·

310 1582 365 1645 siae
385 1602 451 1645 suae
468 1582 504 1643 in
522 1580 669 1645 manibus
685 1603 809 1665 regum,
824 1582 872 1645 ita
891 1581 974 1665 quod
994 1582 1102 1665 plures
1119 1601 1223 1663 reges,
1238 1600 1324 1643 unus
1340 1586 1414 1663 post

309 1683 446 1746 alterum
468 1681 650 1746 habuerunt
665 1683 745 1747 illud
759 1692 883 1768 postea,
898 1704 1000 1767 nsque
1020 1684 1061 1748 ad
1078 1691 1206 1767 tempus
1225 1682 1311 1766 regis
1327 1681 1413 1746 Eud-

309 1784 433 1847 mundi.
467 1786 560 1847 'lunc
572 1785 703 1868 quidam
717 1785 837 1869 probus
851 1786 950 1851 homo
964 1786 1096 1851 nomine
1109 1785 1290 1850 AElfstanus
1302 1784 1412 1847 Heuh·

309 1888 435 1950 stanino
459 1886 539 1951 emit
558 1888 638 1951 illud
659 1910 678 1951 a
692 1910 766 1972 rege
780 1889 985 1967 Eudmundo,
997 1897 1031 1953 et
1045 1888 1135 1952 dedit
1148 1888 1180 1951 ei
1194 1909 1253 1971 pro
1268 1888 1325 1949 illo
1340 1906 1413 1950 cen·

309 1998 380 2052 tum
397 1988 566 2053 duodecim
580 2011 709 2054 mancas
721 1992 801 2069 auri,
813 1999 847 2055 et
862 2012 935 2055 xxx.
946 1991 1045 2060 libras
1060 1992 1274 2055 denariorum.
1306 1990 1415 2073 Hujus

311 2093 454 2177 pecuniae
469 2094 624 2176 majorem
638 2100 762 2177 partem
778 2095 868 2159 dedit
882 2102 994 2179 postea
1008 2096 1070 2178 ipsi
1083 2094 1152 2177 regi
1167 2094 1316 2177 AElfegus
1331 2093 1415 2155 lilius

308 2195 410 2279 ipsius
427 2194 590 2259 AElfstani.
636 2196 763 2274 Postea,
782 2206 912 2262 mortuo
929 2219 1006 2281 rege
1026 2198 1229 2276 Eadmuudo,
1248 2195 1414 2261 Eadredus

309 2320 363 2362 rex
377 2298 569 2362 hereditavit
587 2297 664 2362 inde
681 2299 873 2383 praedictum
889 2300 1090 2364 AElfstannm
1103 2300 1139 2362 in
1153 2307 1308 2363 aeternam
1323 2297 1413 2362 here·

308 2401 452 2466 ditatem.
493 2402 609 2484 Itaque
624 2410 696 2485 post
711 2411 850 2467 mortem
864 2403 962 2487 hujus
973 2403 1128 2467 AElfstani
1128 2402 1304 2486 ,praefatus
1314 2401 1415 2465 AElfe·

264 2550 287 2588 ,
308 2526 378 2589 gus,
403 2504 458 2589 qui
477 2504 546 2588 regi
570 2504 763 2570 Eadmuudo
788 2505 920 2572 dederat
942 2507 1097 2591 majorem
1123 2514 1248 2590 partem
1271 2504 1414 2590 pecunie

246 2629 365 2690 pro
383 2615 473 2689 patre
493 2628 552 2672 suo
572 2615 701 2690 propter
717 2607 912 2686 Uuldehsm,
929 2609 1084 2673 successit
1104 2607 1181 2700 huic
1196 2607 1389 2674 AElfstuno'
1379 2629 1414 2669 m

307 2708 530 2782 hereditatem.
577 2709 643 2775 Qui
665 2711 776 2774 statim
806 2710 974 2790 conclusit,
1001 2719 1036 2775 et
1058 2712 1190 2775 omnino
1213 2710 1416 2774 confirmavit

307 2819 413 2874 totum
429 2810 515 2894 quod
530 2819 621 2894 pater
635 2833 712 2875 suus
730 2812 764 2876 in
779 2811 846 2876 vita
861 2835 919 2877 sua
933 2813 1063 2877 fecerat.
1111 2813 1177 2877 Hic
1194 2820 1301 2876 autem
1319 2811 1414 2874 fratri

307 2935 366 2977 suo
381 2914 517 2978 AElfrioo
532 2921 565 2977 et
579 2923 681 2978 terras
698 2923 794 2998 atque
808 2916 960 2998 pecunias
980 2915 1081 2999 patris
1099 2915 1150 2978 sui
1169 2916 1216 2978 itu
1228 2914 1323 2998 plene
1340 2912 1416 2976 sub·

307 3017 418 3094 traxit,
437 3016 523 3099 quod
538 3017 606 3098 ipse
621 3015 777 3080 AElhicus
793 3016 896 3081 nichil
917 3018 1051 3082 omnino
1065 3017 1142 3081 inde
1156 3024 1283 3100 poterat
1296 3015 1416 3079 habere

307 3120 370 3181 nisi
386 3118 516 3181 servitio
537 3118 618 3181 illud
637 3118 677 3182 ab
696 3140 734 3183 eo
745 3120 985 3202 promeruisset,
996 3119 1266 3203 quemadmodum
1280 3117 1416 3201 quilibet

307 3230 486 3284 extraneus.
532 3221 655 3285 Tamen
684 3222 913 3305 praecogitatum
944 3222 1076 3286 tandem
1102 3221 1259 3304 AElfegns,
1285 3228 1416 3303 propter

306 3321 595 3404 consanguinitatis
616 3323 864 3403 fraternitatem,
888 3325 1045 3389 concessit
1074 3323 1124 3386 illi
1149 3323 1358 3400 Earhethum,
1382 3329 1416 3385 et

307 3425 456 3503 Craeiam,
475 3433 508 3488 et
527 3425 776 3505 AEinesfordam,
797 3434 831 3490 et
849 3426 1045 3504 Uuldehum,
1064 3427 1099 3490 in
1117 3425 1231 3488 diebus
1251 3425 1327 3488 vitae
1348 3445 1415 3487 sure

306 3535 437 3591 tautum
466 3527 501 3590 in
530 3527 676 3611 praestito
705 3529 919 3593 solummodo.
976 3530 1093 3612 Itaque
1122 3535 1250 3592 mortuo
1279 3526 1416 3590 AElfrico

307 3629 454 3712 AElfegus
479 3629 588 3693 statim
613 3632 722 3695 omnia
743 3632 891 3715 praestita
919 3651 986 3711 sus,
1009 3652 1081 3715 quae
1102 3630 1195 3694 fratri
1217 3651 1276 3694 suo
1297 3629 1417 3695 viventi

305 3732 500 3815 praestiterat
546 3731 762 3816 [resumpsit].
817 3734 973 3800 AElfricus
1013 3741 1123 3798 autem
1160 3734 1276 3798 hahuit
1312 3733 1416 3797 filium

306 3836 436 3900 nomine
455 3833 639 3914 Eadricum,
655 3836 803 3919 AEllegus
818 3857 894 3901 vero
914 3859 982 3901 non
998 3837 1124 3901 habuit.
1168 3839 1214 3901 Et
1227 3837 1299 3900 ideo
1314 3834 1416 3899 AElfe-

304 3961 364 4022 gus
391 3937 548 4002 concessit
575 3937 626 4000 illi
643 3937 783 4002 Eadrico
805 3939 1015 4020 Earhetham,
1038 3947 1073 4004 et
1094 3939 1244 4017 Craeiam,
1271 3945 1304 4001 et
1333 3937 1417 4001 Uul-

304 4039 432 4118 deham,
448 4047 481 4103 et
496 4039 631 4103 retinuit
649 4040 684 4101 in
701 4060 803 4102 manu
819 4062 879 4104 sus
893 4042 1088 4106 AEineslord.
1133 4043 1289 4106 Mortuus
1308 4049 1418 4105 autem

303 4281 395 4336 which
415 4281 439 4334 it
457 4280 481 4334 is
502 4278 622 4334 auseful
643 4279 814 4351 pmphrue,
831 4281 998 4355 elucidating
1014 4302 1089 4338 some
1109 4302 1235 4356 passages
1255 4285 1346 4338 where
1366 4283 1415 4337 the

306 4369 397 4424 Saron
409 4384 495 4422 seems
507 4366 625 4422 obscure.
