3234 5125
495 434 818 491 MISCELLANEOUS
838 436 1054 491 CHARTERS.
1279 438 1331 490 335

219 604 415 669 carnationis
437 626 570 669 mxxv.
590 607 740 671 omnibus
753 607 936 691 Anglorum
957 606 1113 690 episcopis
1133 614 1166 670 et
1184 606 1329 684 ducibus,

219 707 389 771 abbatibus
426 716 459 772 et
489 709 687 793 principibus
718 709 1010 787 consencientibus,
1047 716 1145 792 atque
1177 709 1329 772 maledic-

218 810 341 873 tionem
372 818 527 875 aeternam
553 812 793 895 imponentibus
819 812 895 875 huic
927 811 1070 875 libertati
1100 810 1329 888 violatoribus,

219 932 330 994 pacem
346 933 474 996 quoquc
491 922 525 977 at
545 914 646 977 vitam
667 922 823 979 aeternam
842 921 991 997 optantes
1011 913 1088 976 huic
1105 911 1168 995 ipsi
1187 912 1332 976 libertati

219 1016 280 1099 piis
309 1016 498 1095 fautoribus,
529 1038 667 1100 quorum
701 1018 866 1082 seniorum
896 1024 929 1080 et
961 1016 1144 1100 principum
1178 1016 1332 1079 vocabula

220 1118 313 1181 stilus
332 1140 462 1201 presens
482 1120 544 1183 hoc
562 1119 675 1183 ordine
689 1120 870 1183 luculenter
885 1119 1096 1183 demonstrat.
1142 1120 1214 1201 Ego
1229 1118 1327 1196 Cnut,

219 1240 275 1282 rex
297 1221 479 1303 Anglorum
508 1222 746 1305 multarumque
771 1222 806 1285 in
836 1210 974 1286 circuitu
997 1221 1213 1305 adjacentium
1239 1221 1328 1283 insu-

219 1321 334 1402 larum,
361 1323 422 1386 hoc
443 1332 553 1387 nostre
576 1324 697 1387 donum
719 1323 935 1389 renovationis
957 1324 1018 1388 hac
1040 1324 1169 1387 scedula
1194 1322 1328 1386 demon-

221 1426 317 1489 strari
342 1446 521 1507 congruum
547 1426 634 1489 duxi.
680 1428 752 1510 Ego
776 1426 923 1511 AElfgyfu
944 1426 1057 1509 regina
1079 1425 1223 1510 ejusdem
1243 1426 1328 1508 regis

220 1529 427 1592 donationem
453 1536 586 1592 ovanter
614 1528 783 1611 divulgari.
843 1530 914 1612 Ego
937 1529 1142 1591 AEtelnotus
1168 1528 1328 1591 Dorover-

221 1632 328 1701 nensis
365 1632 497 1696 ecclesie
528 1631 783 1715 archiepiscopus
814 1631 1009 1694 confirmavi.
1067 1632 1139 1712 Ego
1172 1629 1327 1693 AElhicus

221 1734 476 1818 archiepiscopus
492 1733 703 1799 Eboracensis
722 1734 874 1798 aecclesiae
892 1732 1104 1798 corroboravi.
1160 1734 1232 1818 Ego
1247 1732 1329 1795 AElf-

222 1837 324 1899 winus
356 1838 594 1901 wintoniensis
629 1837 778 1901 acclesiae
812 1837 980 1921 episcopus
1013 1836 1198 1919 conscripsi.
1258 1836 1330 1918 Ego

221 1940 369 2004 AElswius
384 1938 622 2003 Lundoniensis
637 1939 788 2003 aecclesias
808 1940 975 2022 episcopus
997 1938 1202 2002 consolidari.
1257 1939 1328 2020 Ego

222 2042 448 2127 Bryhtwoldus
482 2041 705 2106 Wiltoniensia
746 2040 879 2105 ccclesia
915 2040 1082 2123 episcopus
1119 2039 1328 2122 consigillavi.

221 2146 292 2228 Ego
323 2145 501 2209 Godwinus
532 2144 607 2207 dux.
653 2146 725 2227 Ego
751 2144 880 2208 Leofric
910 2143 985 2207 dux.
1031 2144 1102 2225 Ego
1127 2142 1240 2226 Asgod
1269 2141 1330 2204 mi-

221 2248 331 2311 nister.
376 2248 448 2329 Ego
469 2246 609 2311 Alfwina
631 2246 788 2310 minister.
834 2247 905 2329 Ego
925 2246 1032 2331 purcil
1054 2246 1211 2309 minister.
1256 2246 1329 2328 Ego

223 2350 349 2433 Ordgar
364 2350 522 2414 minister.

662 2743 761 2799 KING
779 2743 888 2798 ONUT.

258 2890 354 2954 Cnud
368 2911 424 2955 rex
435 2891 618 2976 Anglorum
629 2891 717 2955 dedit
732 2890 884 2957 aecclesia
896 2889 1019 2954 Christi
1033 2889 1202 2954 brachium
1216 2889 1329 2952 Sancti

122 3016 123 3020 ¹
223 2993 443 3058 Bartholomei
458 2993 594 3077 apostoli
608 3015 683 3058 cum
697 3014 816 3076 magno
833 2992 939 3075 palli0,
956 2999 989 3056 et
1003 2992 1053 3055 sui
1068 2991 1182 3074 capitis
1198 3011 1327 3054 auream

223 3118 384 3176 coronam,
408 3104 441 3161 ct
464 3104 593 3180 portum
616 3096 655 3160 dc
682 3095 842 3174 Sandwic,
861 3103 893 3159 ct
923 3116 1035 3159 omnes
1057 3095 1162 3158 exitus
1185 3093 1328 3178 ejusdem

224 3220 304 3283 aque
335 3199 375 3263 ab
404 3205 541 3283 utraque
570 3206 661 3282 parte
690 3198 843 3278 fluminis,
873 3199 920 3262 ita
951 3206 989 3261 ut
1020 3205 1155 3262 natante
1184 3217 1264 3260 nave
1294 3197 1330 3259 iu

223 3301 356 3365 flumine
382 3322 456 3365 crim
480 3301 611 3385 plenum
640 3301 746 3378 firerit,
769 3323 867 3384 quam
895 3300 1025 3383 longius
1054 3299 1094 3364 de
1122 3299 1197 3363 navi
1225 3305 1331 3382 potest

224 3405 343 3469 securis
358 3404 490 3488 parvula
504 3411 729 3488 superterram
744 3403 855 3488 proici,
868 3403 964 3466 debet
979 3424 999 3465 a
1008 3402 1166 3465 ministris
1178 3401 1330 3465 aecclesiae

224 3505 346 3570 Christi
369 3505 529 3570 rectitudo
553 3506 643 3569 navis
663 3506 782 3589 accipi,
807 3505 978 3588 nullusque
1002 3505 1134 3569 omnino
1160 3503 1328 3568 hominum

224 3607 363 3690 aliquam
384 3607 648 3672 oomuetudinem
665 3608 700 3670 in
718 3607 832 3672 eodem
854 3615 951 3691 portu
972 3606 1080 3683 habet,
1101 3607 1241 3689 exceptis
1260 3626 1328 3668 mo·

223 3711 333 3776 nachis
363 3711 513 3775 aecclesiae
543 3710 674 3774 Christi.
718 3712 842 3775 Eorum
873 3730 1001 3793 quoquc
1030 3718 1079 3774 est
1107 3708 1329 3772 transfretatio

224 3821 334 3897 portus
350 3820 382 3877 et
396 3813 553 3891 navicula,
568 3821 601 3876 et
616 3812 802 3876 theloneum
818 3813 974 3876 naviculae
989 3820 1022 3875 et
1037 3811 1182 3875 omnium
1197 3810 1327 3872 navium

224 3937 295 3996 quae
318 3915 358 3978 ad
383 3914 529 3979 Sandwic
553 3915 699 3978 venerint
723 3936 742 3977 a
764 3916 961 3998 Pepernessa
981 3933 1083 3996 usque
1106 3913 1326 3976 Nordmutha.

225 4019 261 4082 Si
272 4017 349 4101 quid
365 4025 474 4081 autem
488 4017 524 4081 in
538 4039 657 4100 magno
668 4017 751 4080 mari
764 4025 895 4101 reptum
905 4016 1003 4080 fuerit
1012 4015 1155 4079 delatum
1169 4013 1327 4090 Sandwic,

223 4120 430 4184 medietatem
456 4120 599 4184 oecclesia
622 4119 744 4184 Christi
773 4119 916 4196 habebit,
940 4117 1063 4202 reliqua
1084 4138 1159 4181 vcro
1183 4138 1256 4199 pars
1277 4117 1326 4178 in-

224 4223 410 4286 ventoribus
425 4222 614 4286 remanebit.

524 4453 1027 4465 ——-.-—.-.-.--..-———-—-—-
