<?xml version="1.0" encoding="UTF-8"?>
<!DOCTYPE html PUBLIC "-//W3C//DTD XHTML 1.0 Transitional//EN"
    "http://www.w3.org/TR/xhtml1/DTD/xhtml1-transitional.dtd">
<html xmlns="http://www.w3.org/1999/xhtml" xml:lang="en" lang="en">
 <head>
  <title>
</title>
<meta http-equiv="Content-Type" content="text/html;charset=utf-8" />
  <meta name='ocr-system' content='tesseract 3.04.00' />
  <meta name='ocr-capabilities' content='ocr_page ocr_carea ocr_par ocr_line ocrx_word'/>
</head>
<body>
  <div class='ocr_page' id='page_1' title='image "./diplomatariuman02thorgoog_0325.png"; bbox 0 0 3234 5125; ppageno 0'>
   <div class='ocr_carea' id='block_1_1' title="bbox 501 431 1333 489">
    <p class='ocr_par' dir='ltr' id='par_1_1' title="bbox 501 431 1333 489">
     <span class='ocr_line' id='line_1_1' title="bbox 501 431 1333 489; baseline -0.002 0"><span class='ocrx_word' id='word_1_1' title='bbox 501 432 824 489; x_wconf 80' lang='lat' dir='ltr'><strong>MISGELLANEOUS</strong></span> <span class='ocrx_word' id='word_1_2' title='bbox 842 431 1055 489; x_wconf 81' lang='lat' dir='ltr'>CHARTERS.</span> <span class='ocrx_word' id='word_1_3' title='bbox 1280 434 1333 487; x_wconf 73' lang='lat'>288</span> 
     </span>
    </p>
   </div>
   <div class='ocr_carea' id='block_1_2' title="bbox 192 604 1339 4081">
    <p class='ocr_par' dir='ltr' id='par_1_2' title="bbox 192 604 1339 4081">
     <span class='ocr_line' id='line_1_2' title="bbox 227 604 1337 690; baseline -0.002 -19"><span class='ocrx_word' id='word_1_4' title='bbox 227 606 447 690; x_wconf 78' lang='lat' dir='ltr'><strong>redemptione</strong></span> <span class='ocrx_word' id='word_1_5' title='bbox 467 608 539 671; x_wconf 88' lang='lat' dir='ltr'>Deo</span> <span class='ocrx_word' id='word_1_6' title='bbox 563 606 700 671; x_wconf 89' lang='lat' dir='ltr'>contulit</span> <span class='ocrx_word' id='word_1_7' title='bbox 725 605 907 684; x_wconf 90' lang='lat' dir='ltr'>donarium,</span> <span class='ocrx_word' id='word_1_8' title='bbox 930 611 963 669; x_wconf 91' lang='lat' dir='ltr'>et</span> <span class='ocrx_word' id='word_1_9' title='bbox 986 606 1062 688; x_wconf 86' lang='lat' dir='ltr'>quia</span> <span class='ocrx_word' id='word_1_10' title='bbox 1082 604 1188 688; x_wconf 84' lang='lat' dir='ltr'>gratia</span> <span class='ocrx_word' id='word_1_11' title='bbox 1201 604 1265 668; x_wconf 89' lang='lat' dir='ltr'>Dei</span> <span class='ocrx_word' id='word_1_12' title='bbox 1284 625 1337 669; x_wconf 91' lang='lat' dir='ltr'>me</span> 
     </span>
     <span class='ocr_line' id='line_1_3' title="bbox 192 706 1337 793; baseline -0.002 -21"><span class='ocrx_word' id='word_1_13' title='bbox 192 754 193 757; x_wconf 63' lang='lat'>,</span> <span class='ocrx_word' id='word_1_14' title='bbox 228 708 268 772; x_wconf 88' lang='lat' dir='ltr'>ad</span> <span class='ocrx_word' id='word_1_15' title='bbox 288 708 527 792; x_wconf 77' lang='lat' dir='ltr'>intelligibilem</span> <span class='ocrx_word' id='word_1_16' title='bbox 548 708 722 793; x_wconf 78' lang='lat' dir='ltr'>perducere</span> <span class='ocrx_word' id='word_1_17' title='bbox 745 708 879 791; x_wconf 89' lang='lat' dir='ltr'>dignata</span> <span class='ocrx_word' id='word_1_18' title='bbox 899 714 949 773; x_wconf 89' lang='lat' dir='ltr'>est</span> <span class='ocrx_word' id='word_1_19' title='bbox 969 714 1099 787; x_wconf 88' lang='lat' dir='ltr'>etatem,</span> <span class='ocrx_word' id='word_1_20' title='bbox 1116 706 1260 790; x_wconf 87' lang='lat' dir='ltr'>mihique</span> <span class='ocrx_word' id='word_1_21' title='bbox 1279 727 1337 789; x_wconf 91' lang='lat' dir='ltr'>per</span> 
     </span>
     <span class='ocr_line' id='line_1_4' title="bbox 227 803 1336 895; baseline -0.002 -20"><span class='ocrx_word' id='word_1_22' title='bbox 227 832 373 875; x_wconf 88' lang='lat' dir='ltr'>meorum</span> <span class='ocrx_word' id='word_1_23' title='bbox 393 812 587 895; x_wconf 88' lang='lat' dir='ltr'>optimatum</span> <span class='ocrx_word' id='word_1_24' title='bbox 602 811 731 877; x_wconf 85' lang='lat' dir='ltr'>decreta</span> <span class='ocrx_word' id='word_1_25' title='bbox 745 811 930 877; x_wconf 86' lang='lat' dir='ltr'>affluentem</span> <span class='ocrx_word' id='word_1_26' title='bbox 947 820 982 874; x_wconf 88' lang='lat' dir='ltr'>et</span> <span class='ocrx_word' id='word_1_27' title='bbox 996 810 1158 895; x_wconf 73' lang='lat' dir='ltr'>copiosam</span> <span class='ocrx_word' id='word_1_28' title='bbox 1174 803 1336 875; x_wconf 85' lang='lat' dir='ltr'>terrarum</span> 
     </span>
     <span class='ocr_line' id='line_1_5' title="bbox 227 912 1336 998; baseline 0 -21"><span class='ocrx_word' id='word_1_29' title='bbox 227 914 344 997; x_wconf 81' lang='lat' dir='ltr'>largita</span> <span class='ocrx_word' id='word_1_30' title='bbox 364 921 413 979; x_wconf 87' lang='lat' dir='ltr'>est</span> <span class='ocrx_word' id='word_1_31' title='bbox 426 914 619 998; x_wconf 90' lang='lat' dir='ltr'>portionem,</span> <span class='ocrx_word' id='word_1_32' title='bbox 635 914 752 979; x_wconf 88' lang='lat' dir='ltr'>iccirco</span> <span class='ocrx_word' id='word_1_33' title='bbox 773 921 806 979; x_wconf 90' lang='lat' dir='ltr'>et</span> <span class='ocrx_word' id='word_1_34' title='bbox 828 935 889 997; x_wconf 84' lang='lat' dir='ltr'>ego</span> <span class='ocrx_word' id='word_1_35' title='bbox 910 935 950 978; x_wconf 83' lang='lat' dir='ltr'>ex</span> <span class='ocrx_word' id='word_1_36' title='bbox 969 936 1042 981; x_wconf 88' lang='lat' dir='ltr'>mea</span> <span class='ocrx_word' id='word_1_37' title='bbox 1063 913 1194 997; x_wconf 88' lang='lat' dir='ltr'>propria</span> <span class='ocrx_word' id='word_1_38' title='bbox 1210 912 1336 977; x_wconf 91' lang='lat' dir='ltr'>heredi-</span> 
     </span>
     <span class='ocr_line' id='line_1_6' title="bbox 226 1015 1336 1101; baseline -0.002 -20"><span class='ocrx_word' id='word_1_39' title='bbox 226 1024 296 1081; x_wconf 90' lang='lat' dir='ltr'>tate</span> <span class='ocrx_word' id='word_1_40' title='bbox 312 1017 472 1101; x_wconf 81' lang='lat' dir='ltr'>prefatum</span> <span class='ocrx_word' id='word_1_41' title='bbox 491 1025 639 1081; x_wconf 87' lang='lat' dir='ltr'>sanctum</span> <span class='ocrx_word' id='word_1_42' title='bbox 661 1016 834 1083; x_wconf 82' lang='lat' dir='ltr'>cenobium</span> <span class='ocrx_word' id='word_1_43' title='bbox 850 1038 984 1081; x_wconf 88' lang='lat' dir='ltr'>munere</span> <span class='ocrx_word' id='word_1_44' title='bbox 1002 1037 1145 1099; x_wconf 85' lang='lat' dir='ltr'>congruo</span> <span class='ocrx_word' id='word_1_45' title='bbox 1167 1015 1336 1093; x_wconf 88' lang='lat' dir='ltr'>honorare,</span> 
     </span>
     <span class='ocr_line' id='line_1_7' title="bbox 228 1118 1336 1203; baseline -0.003 -19"><span class='ocrx_word' id='word_1_46' title='bbox 228 1128 262 1184; x_wconf 88' lang='lat' dir='ltr'>et</span> <span class='ocrx_word' id='word_1_47' title='bbox 276 1127 436 1203; x_wconf 87' lang='lat' dir='ltr'>oportuna</span> <span class='ocrx_word' id='word_1_48' title='bbox 455 1120 692 1203; x_wconf 88' lang='lat' dir='ltr'>possessionum</span> <span class='ocrx_word' id='word_1_49' title='bbox 713 1119 885 1203; x_wconf 82' lang='lat' dir='ltr'>largitione</span> <span class='ocrx_word' id='word_1_50' title='bbox 899 1119 1003 1184; x_wconf 88' lang='lat' dir='ltr'>ditare</span> <span class='ocrx_word' id='word_1_51' title='bbox 1017 1119 1152 1203; x_wconf 91' lang='lat' dir='ltr'>dispono</span> <span class='ocrx_word' id='word_1_52' title='bbox 1160 1145 1170 1197; x_wconf 86' lang='lat'>;</span> <span class='ocrx_word' id='word_1_53' title='bbox 1194 1118 1336 1201; x_wconf 89' lang='lat' dir='ltr'>primum</span> 
     </span>
     <span class='ocr_line' id='line_1_8' title="bbox 227 1221 1339 1306; baseline -0.002 -21"><span class='ocrx_word' id='word_1_54' title='bbox 227 1242 285 1306; x_wconf 89' lang='lat' dir='ltr'>pro</span> <span class='ocrx_word' id='word_1_55' title='bbox 297 1221 359 1286; x_wconf 92' lang='lat' dir='ltr'>Dei</span> <span class='ocrx_word' id='word_1_56' title='bbox 371 1222 614 1306; x_wconf 86' lang='lat' dir='ltr'>Omnipoteutis</span> <span class='ocrx_word' id='word_1_57' title='bbox 629 1223 762 1306; x_wconf 88' lang='lat' dir='ltr'>ejusque</span> <span class='ocrx_word' id='word_1_58' title='bbox 777 1229 887 1287; x_wconf 85' lang='lat' dir='ltr'>sancte</span> <span class='ocrx_word' id='word_1_59' title='bbox 901 1222 1067 1305; x_wconf 74' lang='lat' dir='ltr'>genitricis</span> <span class='ocrx_word' id='word_1_60' title='bbox 1081 1242 1201 1300; x_wconf 89' lang='lat' dir='ltr'>amore,</span> <span class='ocrx_word' id='word_1_61' title='bbox 1217 1229 1255 1284; x_wconf 92' lang='lat' dir='ltr'>ut</span> <span class='ocrx_word' id='word_1_62' title='bbox 1268 1221 1339 1306; x_wconf 90' lang='lat' dir='ltr'>ipsa</span> 
     </span>
     <span class='ocr_line' id='line_1_9' title="bbox 226 1324 1336 1409; baseline -0.003 -20"><span class='ocrx_word' id='word_1_63' title='bbox 226 1346 286 1409; x_wconf 91' lang='lat' dir='ltr'>pro</span> <span class='ocrx_word' id='word_1_64' title='bbox 311 1346 364 1389; x_wconf 90' lang='lat' dir='ltr'>me</span> <span class='ocrx_word' id='word_1_65' title='bbox 386 1326 441 1409; x_wconf 90' lang='lat' dir='ltr'>pia</span> <span class='ocrx_word' id='word_1_66' title='bbox 465 1325 676 1390; x_wconf 83' lang='lat' dir='ltr'>interventrix</span> <span class='ocrx_word' id='word_1_67' title='bbox 703 1347 772 1391; x_wconf 88' lang='lat' dir='ltr'>esse</span> <span class='ocrx_word' id='word_1_68' title='bbox 796 1324 948 1408; x_wconf 83' lang='lat' dir='ltr'>dignetur</span> <span class='ocrx_word' id='word_1_69' title='bbox 971 1324 1012 1388; x_wconf 89' lang='lat' dir='ltr'>ad</span> <span class='ocrx_word' id='word_1_70' title='bbox 1032 1324 1212 1389; x_wconf 92' lang='lat' dir='ltr'>Dominum</span> <span class='ocrx_word' id='word_1_71' title='bbox 1227 1324 1336 1388; x_wconf 92' lang='lat' dir='ltr'>Deum</span> 
     </span>
     <span class='ocr_line' id='line_1_10' title="bbox 227 1425 1337 1512; baseline -0.001 -22"><span class='ocrx_word' id='word_1_72' title='bbox 227 1436 395 1506; x_wconf 87' lang='lat' dir='ltr'>nostrum;</span> <span class='ocrx_word' id='word_1_73' title='bbox 419 1428 535 1492; x_wconf 91' lang='lat' dir='ltr'>deinde</span> <span class='ocrx_word' id='word_1_74' title='bbox 550 1449 609 1512; x_wconf 92' lang='lat' dir='ltr'>pro</span> <span class='ocrx_word' id='word_1_75' title='bbox 624 1427 732 1493; x_wconf 89' lang='lat' dir='ltr'>anime</span> <span class='ocrx_word' id='word_1_76' title='bbox 750 1426 907 1511; x_wconf 74' lang='lat' dir='ltr'>genitoris</span> <span class='ocrx_word' id='word_1_77' title='bbox 921 1425 986 1493; x_wconf 90' lang='lat' dir='ltr'>mei</span> <span class='ocrx_word' id='word_1_78' title='bbox 1000 1426 1186 1506; x_wconf 88' lang='lat' dir='ltr'>dileccione,</span> <span class='ocrx_word' id='word_1_79' title='bbox 1201 1446 1337 1509; x_wconf 89' lang='lat' dir='ltr'>meeqne</span> 
     </span>
     <span class='ocr_line' id='line_1_11' title="bbox 228 1529 1336 1613; baseline -0.001 -20"><span class='ocrx_word' id='word_1_80' title='bbox 228 1529 355 1613; x_wconf 87' lang='lat' dir='ltr'>proprie</span> <span class='ocrx_word' id='word_1_81' title='bbox 384 1530 489 1595; x_wconf 86' lang='lat' dir='ltr'>anime</span> <span class='ocrx_word' id='word_1_82' title='bbox 513 1539 624 1595; x_wconf 89' lang='lat' dir='ltr'>eterna</span> <span class='ocrx_word' id='word_1_83' title='bbox 650 1530 880 1613; x_wconf 86' lang='lat' dir='ltr'>redemptione,</span> <span class='ocrx_word' id='word_1_84' title='bbox 896 1549 1024 1595; x_wconf 84' lang='lat' dir='ltr'>necnon</span> <span class='ocrx_word' id='word_1_85' title='bbox 1044 1536 1078 1594; x_wconf 90' lang='lat' dir='ltr'>et</span> <span class='ocrx_word' id='word_1_86' title='bbox 1101 1550 1160 1613; x_wconf 90' lang='lat' dir='ltr'>pro</span> <span class='ocrx_word' id='word_1_87' title='bbox 1188 1548 1336 1593; x_wconf 89' lang='lat' dir='ltr'>meorum</span> 
     </span>
     <span class='ocr_line' id='line_1_12' title="bbox 227 1630 1336 1716; baseline 0 -21"><span class='ocrx_word' id='word_1_88' title='bbox 227 1652 323 1695; x_wconf 87' lang='lat' dir='ltr'>causa</span> <span class='ocrx_word' id='word_1_89' title='bbox 343 1631 529 1712; x_wconf 87' lang='lat' dir='ltr'>liberorum,</span> <span class='ocrx_word' id='word_1_90' title='bbox 554 1632 610 1716; x_wconf 92' lang='lat' dir='ltr'>qui</span> <span class='ocrx_word' id='word_1_91' title='bbox 633 1630 761 1697; x_wconf 85' lang='lat' dir='ltr'>easdem</span> <span class='ocrx_word' id='word_1_92' title='bbox 783 1631 923 1715; x_wconf 79' lang='lat' dir='ltr'>prefatas</span> <span class='ocrx_word' id='word_1_93' title='bbox 946 1630 1009 1695; x_wconf 87' lang='lat' dir='ltr'>sibi</span> <span class='ocrx_word' id='word_1_94' title='bbox 1028 1631 1201 1709; x_wconf 77' lang='lat' dir='ltr'>attrahere,</span> <span class='ocrx_word' id='word_1_95' title='bbox 1215 1651 1336 1713; x_wconf 88' lang='lat' dir='ltr'>sueque</span> 
     </span>
     <span class='ocr_line' id='line_1_13' title="bbox 228 1733 1337 1818; baseline 0.001 -20"><span class='ocrx_word' id='word_1_96' title='bbox 228 1733 345 1799; x_wconf 91' lang='lat' dir='ltr'>ditioni</span> <span class='ocrx_word' id='word_1_97' title='bbox 360 1735 505 1818; x_wconf 89' lang='lat' dir='ltr'>cogitant</span> <span class='ocrx_word' id='word_1_98' title='bbox 520 1735 665 1801; x_wconf 89' lang='lat' dir='ltr'>subicere</span> <span class='ocrx_word' id='word_1_99' title='bbox 679 1742 791 1799; x_wconf 84' lang='lat' dir='ltr'>terres.</span> <span class='ocrx_word' id='word_1_100' title='bbox 825 1733 972 1798; x_wconf 88' lang='lat' dir='ltr'>Nomina</span> <span class='ocrx_word' id='word_1_101' title='bbox 986 1755 1061 1800; x_wconf 88' lang='lat' dir='ltr'>vero</span> <span class='ocrx_word' id='word_1_102' title='bbox 1076 1743 1247 1812; x_wconf 86' lang='lat' dir='ltr'>terrarum,</span> <span class='ocrx_word' id='word_1_103' title='bbox 1258 1755 1337 1816; x_wconf 86' lang='lat' dir='ltr'>quas</span> 
     </span>
     <span class='ocr_line' id='line_1_14' title="bbox 228 1836 1335 1920; baseline 0 -19"><span class='ocrx_word' id='word_1_104' title='bbox 228 1836 270 1901; x_wconf 91' lang='lat' dir='ltr'>ad</span> <span class='ocrx_word' id='word_1_105' title='bbox 288 1836 448 1920; x_wconf 84' lang='lat' dir='ltr'>prelatum</span> <span class='ocrx_word' id='word_1_106' title='bbox 472 1836 586 1903; x_wconf 90' lang='lat' dir='ltr'>libenti</span> <span class='ocrx_word' id='word_1_107' title='bbox 609 1837 718 1901; x_wconf 85' lang='lat' dir='ltr'>animo</span> <span class='ocrx_word' id='word_1_108' title='bbox 740 1837 881 1901; x_wconf 86' lang='lat' dir='ltr'>concedo</span> <span class='ocrx_word' id='word_1_109' title='bbox 902 1836 1144 1915; x_wconf 89' lang='lat' dir='ltr'>monasterium,</span> <span class='ocrx_word' id='word_1_110' title='bbox 1160 1836 1220 1901; x_wconf 90' lang='lat' dir='ltr'>hec</span> <span class='ocrx_word' id='word_1_111' title='bbox 1240 1844 1335 1901; x_wconf 89' lang='lat' dir='ltr'>sunt:</span> 
     </span>
     <span class='ocr_line' id='line_1_15' title="bbox 230 1939 1338 2024; baseline 0 -21"><span class='ocrx_word' id='word_1_112' title='bbox 230 1940 343 2003; x_wconf 89' lang='lat' dir='ltr'>Unum</span> <span class='ocrx_word' id='word_1_113' title='bbox 359 1940 481 2005; x_wconf 80' lang='lat' dir='ltr'>scilicet</span> <span class='ocrx_word' id='word_1_114' title='bbox 493 1941 578 2024; x_wconf 90' lang='lat' dir='ltr'>apud</span> <span class='ocrx_word' id='word_1_115' title='bbox 584 1939 812 2007; x_wconf 82' lang='lat' dir='ltr'>Feomebeorh</span> <span class='ocrx_word' id='word_1_116' title='bbox 827 1940 965 2004; x_wconf 87' lang='lat' dir='ltr'>alterum</span> <span class='ocrx_word' id='word_1_117' title='bbox 980 1939 1338 2022; x_wconf 89' lang='lat' dir='ltr'>apudWilmaleahtun,</span> 
     </span>
     <span class='ocr_line' id='line_1_16' title="bbox 228 2042 1335 2127; baseline -0.001 -20"><span class='ocrx_word' id='word_1_118' title='bbox 228 2042 365 2107; x_wconf 87' lang='lat' dir='ltr'>tercium</span> <span class='ocrx_word' id='word_1_119' title='bbox 380 2042 464 2127; x_wconf 88' lang='lat' dir='ltr'>apud</span> <span class='ocrx_word' id='word_1_120' title='bbox 479 2044 596 2127; x_wconf 85' lang='lat' dir='ltr'>Cyme.</span> <span class='ocrx_word' id='word_1_121' title='bbox 643 2044 715 2107; x_wconf 89' lang='lat' dir='ltr'>Has</span> <span class='ocrx_word' id='word_1_122' title='bbox 732 2050 892 2107; x_wconf 80' lang='lat' dir='ltr'>terrenam</span> <span class='ocrx_word' id='word_1_123' title='bbox 913 2042 1079 2126; x_wconf 84' lang='lat' dir='ltr'>portiones</span> <span class='ocrx_word' id='word_1_124' title='bbox 1098 2042 1203 2107; x_wconf 75' lang='lat' dir='ltr'>alfric</span> <span class='ocrx_word' id='word_1_125' title='bbox 1217 2064 1335 2126; x_wconf 89' lang='lat' dir='ltr'>cogno·</span> 
     </span>
     <span class='ocr_line' id='line_1_17' title="bbox 227 2145 1336 2230; baseline 0.001 -21"><span class='ocrx_word' id='word_1_126' title='bbox 227 2151 338 2211; x_wconf 85' lang='lat' dir='ltr'>mento</span> <span class='ocrx_word' id='word_1_127' title='bbox 353 2145 438 2211; x_wconf 90' lang='lat' dir='ltr'>Puer</span> <span class='ocrx_word' id='word_1_128' title='bbox 452 2167 472 2209; x_wconf 90' lang='lat' dir='ltr'>a</span> <span class='ocrx_word' id='word_1_129' title='bbox 486 2145 625 2230; x_wconf 89' lang='lat' dir='ltr'>quadam</span> <span class='ocrx_word' id='word_1_130' title='bbox 643 2146 740 2211; x_wconf 83' lang='lat' dir='ltr'>vidua</span> <span class='ocrx_word' id='word_1_131' title='bbox 755 2145 890 2211; x_wconf 80' lang='lat' dir='ltr'>Eadfled</span> <span class='ocrx_word' id='word_1_132' title='bbox 912 2145 1071 2229; x_wconf 86' lang='lat' dir='ltr'>appellate</span> <span class='ocrx_word' id='word_1_133' title='bbox 1085 2146 1243 2211; x_wconf 82' lang='lat' dir='ltr'>violenter</span> <span class='ocrx_word' id='word_1_134' title='bbox 1264 2145 1336 2210; x_wconf 90' lang='lat' dir='ltr'>abs-</span> 
     </span>
     <span class='ocr_line' id='line_1_18' title="bbox 229 2248 1337 2327; baseline 0 -14"><span class='ocrx_word' id='word_1_135' title='bbox 229 2249 338 2327; x_wconf 83' lang='lat' dir='ltr'>traxit,</span> <span class='ocrx_word' id='word_1_136' title='bbox 362 2269 398 2315; x_wconf 87' lang='lat' dir='ltr'>ac</span> <span class='ocrx_word' id='word_1_137' title='bbox 423 2248 537 2315; x_wconf 90' lang='lat' dir='ltr'>deinde</span> <span class='ocrx_word' id='word_1_138' title='bbox 563 2271 638 2315; x_wconf 90' lang='lat' dir='ltr'>oum</span> <span class='ocrx_word' id='word_1_139' title='bbox 663 2250 700 2314; x_wconf 91' lang='lat' dir='ltr'>in</span> <span class='ocrx_word' id='word_1_140' title='bbox 722 2248 844 2313; x_wconf 89' lang='lat' dir='ltr'>ducatu</span> <span class='ocrx_word' id='word_1_141' title='bbox 869 2269 928 2314; x_wconf 89' lang='lat' dir='ltr'>suo</span> <span class='ocrx_word' id='word_1_142' title='bbox 950 2256 1064 2313; x_wconf 92' lang='lat' dir='ltr'>contra</span> <span class='ocrx_word' id='word_1_143' title='bbox 1088 2269 1141 2313; x_wconf 92' lang='lat' dir='ltr'>me</span> <span class='ocrx_word' id='word_1_144' title='bbox 1165 2255 1199 2313; x_wconf 88' lang='lat' dir='ltr'>et</span> <span class='ocrx_word' id='word_1_145' title='bbox 1225 2257 1337 2313; x_wconf 82' lang='lat' dir='ltr'>oontm</span> 
     </span>
     <span class='ocr_line' id='line_1_19' title="bbox 229 2351 1337 2437; baseline -0.001 -21"><span class='ocrx_word' id='word_1_146' title='bbox 229 2371 358 2417; x_wconf 90' lang='lat' dir='ltr'>omnem</span> <span class='ocrx_word' id='word_1_147' title='bbox 377 2360 506 2435; x_wconf 86' lang='lat' dir='ltr'>gentem</span> <span class='ocrx_word' id='word_1_148' title='bbox 524 2373 630 2418; x_wconf 85' lang='lat' dir='ltr'>meam</span> <span class='ocrx_word' id='word_1_149' title='bbox 644 2373 719 2416; x_wconf 91' lang='lat' dir='ltr'>reus</span> <span class='ocrx_word' id='word_1_150' title='bbox 733 2352 895 2429; x_wconf 81' lang='lat' dir='ltr'>existeret,</span> <span class='ocrx_word' id='word_1_151' title='bbox 911 2359 944 2415; x_wconf 90' lang='lat' dir='ltr'>et</span> <span class='ocrx_word' id='word_1_152' title='bbox 962 2351 1005 2417; x_wconf 92' lang='lat' dir='ltr'>he</span> <span class='ocrx_word' id='word_1_153' title='bbox 1020 2374 1100 2435; x_wconf 88' lang='lat' dir='ltr'>quas</span> <span class='ocrx_word' id='word_1_154' title='bbox 1113 2352 1337 2437; x_wconf 84' lang='lat' dir='ltr'>prenominavi</span> 
     </span>
     <span class='ocr_line' id='line_1_20' title="bbox 228 2454 1337 2539; baseline 0 -20"><span class='ocrx_word' id='word_1_155' title='bbox 228 2455 391 2539; x_wconf 85' lang='lat' dir='ltr'>portiones</span> <span class='ocrx_word' id='word_1_156' title='bbox 411 2464 444 2521; x_wconf 89' lang='lat' dir='ltr'>et</span> <span class='ocrx_word' id='word_1_157' title='bbox 463 2456 611 2521; x_wconf 89' lang='lat' dir='ltr'>universe</span> <span class='ocrx_word' id='word_1_158' title='bbox 629 2476 708 2539; x_wconf 83' lang='lat' dir='ltr'>quas</span> <span class='ocrx_word' id='word_1_159' title='bbox 732 2454 916 2538; x_wconf 85' lang='lat' dir='ltr'>possederat</span> <span class='ocrx_word' id='word_1_160' title='bbox 942 2460 1103 2519; x_wconf 88' lang='lat' dir='ltr'>terrarum</span> <span class='ocrx_word' id='word_1_161' title='bbox 1122 2455 1337 2538; x_wconf 89' lang='lat' dir='ltr'>possessiones</span> 
     </span>
     <span class='ocr_line' id='line_1_21' title="bbox 229 2556 1337 2642; baseline -0.002 -18"><span class='ocrx_word' id='word_1_162' title='bbox 229 2579 299 2624; x_wconf 89' lang='lat' dir='ltr'>mee</span> <span class='ocrx_word' id='word_1_163' title='bbox 321 2557 453 2626; x_wconf 83' lang='lat' dir='ltr'>subacta</span> <span class='ocrx_word' id='word_1_164' title='bbox 478 2566 554 2623; x_wconf 90' lang='lat' dir='ltr'>sunt</span> <span class='ocrx_word' id='word_1_165' title='bbox 576 2557 703 2637; x_wconf 87' lang='lat' dir='ltr'>ditioni,</span> <span class='ocrx_word' id='word_1_166' title='bbox 719 2556 848 2642; x_wconf 90' lang='lat' dir='ltr'>quando</span> <span class='ocrx_word' id='word_1_167' title='bbox 870 2556 912 2620; x_wconf 92' lang='lat' dir='ltr'>ad</span> <span class='ocrx_word' id='word_1_168' title='bbox 937 2556 1080 2622; x_wconf 80' lang='lat' dir='ltr'>sinodale</span> <span class='ocrx_word' id='word_1_169' title='bbox 1100 2556 1272 2622; x_wconf 88' lang='lat' dir='ltr'>concilium</span> <span class='ocrx_word' id='word_1_170' title='bbox 1296 2559 1337 2622; x_wconf 90' lang='lat' dir='ltr'>ad</span> 
     </span>
     <span class='ocr_line' id='line_1_22' title="bbox 229 2660 1336 2746; baseline -0.002 -20"><span class='ocrx_word' id='word_1_171' title='bbox 229 2661 458 2746; x_wconf 75' lang='lat' dir='ltr'>cyrenceastre</span> <span class='ocrx_word' id='word_1_172' title='bbox 477 2662 615 2726; x_wconf 87' lang='lat' dir='ltr'>universi</span> <span class='ocrx_word' id='word_1_173' title='bbox 633 2661 804 2744; x_wconf 80' lang='lat' dir='ltr'>optimates</span> <span class='ocrx_word' id='word_1_174' title='bbox 821 2661 888 2724; x_wconf 89' lang='lat' dir='ltr'>mei</span> <span class='ocrx_word' id='word_1_175' title='bbox 902 2660 999 2724; x_wconf 90' lang='lat' dir='ltr'>simul</span> <span class='ocrx_word' id='word_1_176' title='bbox 1013 2660 1047 2723; x_wconf 91' lang='lat' dir='ltr'>in</span> <span class='ocrx_word' id='word_1_177' title='bbox 1062 2681 1165 2724; x_wconf 90' lang='lat' dir='ltr'>unum</span> <span class='ocrx_word' id='word_1_178' title='bbox 1180 2681 1336 2725; x_wconf 88' lang='lat' dir='ltr'>convene·</span> 
     </span>
     <span class='ocr_line' id='line_1_23' title="bbox 229 2761 1335 2846; baseline -0.003 -16"><span class='ocrx_word' id='word_1_179' title='bbox 229 2773 317 2842; x_wconf 87' lang='lat' dir='ltr'>runt,</span> <span class='ocrx_word' id='word_1_180' title='bbox 333 2772 366 2830; x_wconf 89' lang='lat' dir='ltr'>et</span> <span class='ocrx_word' id='word_1_181' title='bbox 381 2764 519 2830; x_wconf 88' lang='lat' dir='ltr'>eundem</span> <span class='ocrx_word' id='word_1_182' title='bbox 533 2764 694 2830; x_wconf 84' lang='lat' dir='ltr'>Alhicum</span> <span class='ocrx_word' id='word_1_183' title='bbox 712 2762 890 2846; x_wconf 82' lang='lat' dir='ltr'>majestatie</span> <span class='ocrx_word' id='word_1_184' title='bbox 905 2783 997 2826; x_wconf 90' lang='lat' dir='ltr'>reum</span> <span class='ocrx_word' id='word_1_185' title='bbox 1014 2761 1053 2826; x_wconf 90' lang='lat' dir='ltr'>de</span> <span class='ocrx_word' id='word_1_186' title='bbox 1068 2762 1129 2826; x_wconf 90' lang='lat' dir='ltr'>hac</span> <span class='ocrx_word' id='word_1_187' title='bbox 1143 2763 1248 2846; x_wconf 89' lang='lat' dir='ltr'>patria</span> <span class='ocrx_word' id='word_1_188' title='bbox 1261 2784 1335 2846; x_wconf 91' lang='lat' dir='ltr'>pro-</span> 
     </span>
     <span class='ocr_line' id='line_1_24' title="bbox 228 2864 1335 2953; baseline -0.004 -21"><span class='ocrx_word' id='word_1_189' title='bbox 228 2867 342 2953; x_wconf 82' lang='lat' dir='ltr'>fugum</span> <span class='ocrx_word' id='word_1_190' title='bbox 351 2867 551 2950; x_wconf 84' lang='lat' dir='ltr'>expulerunt,</span> <span class='ocrx_word' id='word_1_191' title='bbox 564 2874 597 2932; x_wconf 91' lang='lat' dir='ltr'>et</span> <span class='ocrx_word' id='word_1_192' title='bbox 607 2866 757 2932; x_wconf 88' lang='lat' dir='ltr'>universa</span> <span class='ocrx_word' id='word_1_193' title='bbox 766 2865 806 2932; x_wconf 90' lang='lat' dir='ltr'>ab</span> <span class='ocrx_word' id='word_1_194' title='bbox 817 2865 875 2929; x_wconf 90' lang='lat' dir='ltr'>illo</span> <span class='ocrx_word' id='word_1_195' title='bbox 886 2885 1033 2948; x_wconf 88' lang='lat' dir='ltr'>possessa</span> <span class='ocrx_word' id='word_1_196' title='bbox 1044 2864 1144 2929; x_wconf 88' lang='lat' dir='ltr'>michi</span> <span class='ocrx_word' id='word_1_197' title='bbox 1152 2866 1226 2949; x_wconf 89' lang='lat' dir='ltr'>jure</span> <span class='ocrx_word' id='word_1_198' title='bbox 1234 2866 1335 2949; x_wconf 89' lang='lat' dir='ltr'>possi·</span> 
     </span>
     <span class='ocr_line' id='line_1_25' title="bbox 229 2966 1336 3054; baseline -0.001 -20"><span class='ocrx_word' id='word_1_199' title='bbox 229 2968 334 3034; x_wconf 85' lang='lat' dir='ltr'>denda</span> <span class='ocrx_word' id='word_1_200' title='bbox 356 2990 467 3036; x_wconf 88' lang='lat' dir='ltr'>omnes</span> <span class='ocrx_word' id='word_1_201' title='bbox 488 2969 642 3035; x_wconf 91' lang='lat' dir='ltr'>unanimo</span> <span class='ocrx_word' id='word_1_202' title='bbox 665 2989 824 3035; x_wconf 90' lang='lat' dir='ltr'>consensu</span> <span class='ocrx_word' id='word_1_203' title='bbox 848 2966 1067 3032; x_wconf 84' lang='lat' dir='ltr'>decreverunt.</span> <span class='ocrx_word' id='word_1_204' title='bbox 1117 2969 1244 3034; x_wconf 91' lang='lat' dir='ltr'>Deinde</span> <span class='ocrx_word' id='word_1_205' title='bbox 1265 2990 1336 3054; x_wconf 90' lang='lat' dir='ltr'>pre·</span> 
     </span>
     <span class='ocr_line' id='line_1_26' title="bbox 229 3071 1337 3157; baseline -0.004 -18"><span class='ocrx_word' id='word_1_206' title='bbox 229 3071 329 3140; x_wconf 81' lang='lat' dir='ltr'>fatam</span> <span class='ocrx_word' id='word_1_207' title='bbox 346 3073 486 3152; x_wconf 89' lang='lat' dir='ltr'>viduam,</span> <span class='ocrx_word' id='word_1_208' title='bbox 502 3095 560 3157; x_wconf 92' lang='lat' dir='ltr'>pro</span> <span class='ocrx_word' id='word_1_209' title='bbox 578 3093 686 3139; x_wconf 88' lang='lat' dir='ltr'>amore</span> <span class='ocrx_word' id='word_1_210' title='bbox 703 3072 899 3156; x_wconf 90' lang='lat' dir='ltr'>optimatum</span> <span class='ocrx_word' id='word_1_211' title='bbox 916 3093 1073 3150; x_wconf 92' lang='lat' dir='ltr'>meorum,</span> <span class='ocrx_word' id='word_1_212' title='bbox 1090 3072 1146 3154; x_wconf 93' lang='lat' dir='ltr'>qui</span> <span class='ocrx_word' id='word_1_213' title='bbox 1163 3073 1233 3156; x_wconf 85' lang='lat' dir='ltr'>ejus</span> <span class='ocrx_word' id='word_1_214' title='bbox 1252 3072 1337 3156; x_wconf 90' lang='lat' dir='ltr'>apud</span> 
     </span>
     <span class='ocr_line' id='line_1_27' title="bbox 229 3173 1337 3258; baseline -0.001 -18"><span class='ocrx_word' id='word_1_215' title='bbox 229 3197 282 3240; x_wconf 88' lang='lat' dir='ltr'>me</span> <span class='ocrx_word' id='word_1_216' title='bbox 295 3175 469 3240; x_wconf 85' lang='lat' dir='ltr'>extiterant</span> <span class='ocrx_word' id='word_1_217' title='bbox 484 3176 641 3254; x_wconf 85' lang='lat' dir='ltr'>advocati,</span> <span class='ocrx_word' id='word_1_218' title='bbox 657 3197 748 3242; x_wconf 89' lang='lat' dir='ltr'>suam</span> <span class='ocrx_word' id='word_1_219' title='bbox 768 3173 984 3240; x_wconf 88' lang='lat' dir='ltr'>hereditatem</span> <span class='ocrx_word' id='word_1_220' title='bbox 1002 3173 1166 3258; x_wconf 88' lang='lat' dir='ltr'>possidere</span> <span class='ocrx_word' id='word_1_221' title='bbox 1185 3175 1337 3239; x_wconf 90' lang='lat' dir='ltr'>clementi</span> 
     </span>
     <span class='ocr_line' id='line_1_28' title="bbox 229 3277 1336 3363; baseline -0.004 -20"><span class='ocrx_word' id='word_1_222' title='bbox 229 3279 429 3362; x_wconf 87' lang='lat' dir='ltr'>benignitate</span> <span class='ocrx_word' id='word_1_223' title='bbox 448 3279 590 3363; x_wconf 86' lang='lat' dir='ltr'>permisi,</span> <span class='ocrx_word' id='word_1_224' title='bbox 608 3286 642 3343; x_wconf 90' lang='lat' dir='ltr'>et</span> <span class='ocrx_word' id='word_1_225' title='bbox 666 3279 736 3361; x_wconf 88' lang='lat' dir='ltr'>ipsa</span> <span class='ocrx_word' id='word_1_226' title='bbox 755 3277 898 3355; x_wconf 89' lang='lat' dir='ltr'>tandem,</span> <span class='ocrx_word' id='word_1_227' title='bbox 920 3277 956 3340; x_wconf 91' lang='lat' dir='ltr'>in</span> <span class='ocrx_word' id='word_1_228' title='bbox 979 3285 1123 3340; x_wconf 84' lang='lat' dir='ltr'>extrema</span> <span class='ocrx_word' id='word_1_229' title='bbox 1142 3297 1199 3340; x_wconf 90' lang='lat' dir='ltr'>sue</span> <span class='ocrx_word' id='word_1_230' title='bbox 1218 3278 1336 3361; x_wconf 85' lang='lat' dir='ltr'>migra-</span> 
     </span>
     <span class='ocr_line' id='line_1_29' title="bbox 230 3378 1336 3462; baseline -0.002 -16"><span class='ocrx_word' id='word_1_231' title='bbox 230 3381 328 3446; x_wconf 89' lang='lat' dir='ltr'>tionis</span> <span class='ocrx_word' id='word_1_232' title='bbox 341 3381 512 3459; x_wconf 88' lang='lat' dir='ltr'>sententia,</span> <span class='ocrx_word' id='word_1_233' title='bbox 524 3381 606 3446; x_wconf 90' lang='lat' dir='ltr'>mihi</span> <span class='ocrx_word' id='word_1_234' title='bbox 616 3402 727 3444; x_wconf 88' lang='lat' dir='ltr'>rursus</span> <span class='ocrx_word' id='word_1_235' title='bbox 738 3378 925 3444; x_wconf 90' lang='lat' dir='ltr'>earumdem</span> <span class='ocrx_word' id='word_1_236' title='bbox 935 3387 1094 3444; x_wconf 87' lang='lat' dir='ltr'>terrarum</span> <span class='ocrx_word' id='word_1_237' title='bbox 1105 3380 1336 3462; x_wconf 89' lang='lat' dir='ltr'>possessionem</span> 
     </span>
     <span class='ocr_line' id='line_1_30' title="bbox 229 3480 1337 3567; baseline -0.004 -17"><span class='ocrx_word' id='word_1_238' title='bbox 229 3483 371 3567; x_wconf 80' lang='lat' dir='ltr'>benigno</span> <span class='ocrx_word' id='word_1_239' title='bbox 394 3492 428 3548; x_wconf 88' lang='lat' dir='ltr'>et</span> <span class='ocrx_word' id='word_1_240' title='bbox 450 3483 565 3548; x_wconf 90' lang='lat' dir='ltr'>libenti</span> <span class='ocrx_word' id='word_1_241' title='bbox 596 3483 704 3549; x_wconf 89' lang='lat' dir='ltr'>animo</span> <span class='ocrx_word' id='word_1_242' title='bbox 729 3483 764 3546; x_wconf 91' lang='lat' dir='ltr'>in</span> <span class='ocrx_word' id='word_1_243' title='bbox 793 3482 991 3566; x_wconf 88' lang='lat' dir='ltr'>perhennem</span> <span class='ocrx_word' id='word_1_244' title='bbox 1015 3480 1186 3565; x_wconf 85' lang='lat' dir='ltr'>dereliquit</span> <span class='ocrx_word' id='word_1_245' title='bbox 1210 3482 1337 3546; x_wconf 88' lang='lat' dir='ltr'>heredi-</span> 
     </span>
     <span class='ocr_line' id='line_1_31' title="bbox 229 3584 1337 3669; baseline -0.002 -17"><span class='ocrx_word' id='word_1_246' title='bbox 229 3593 341 3652; x_wconf 87' lang='lat' dir='ltr'>tatem.</span> <span class='ocrx_word' id='word_1_247' title='bbox 386 3587 547 3650; x_wconf 82' lang='lat' dir='ltr'>Tellmem</span> <span class='ocrx_word' id='word_1_248' title='bbox 561 3607 636 3651; x_wconf 83' lang='lat' dir='ltr'>vero</span> <span class='ocrx_word' id='word_1_249' title='bbox 652 3585 690 3650; x_wconf 91' lang='lat' dir='ltr'>ad</span> <span class='ocrx_word' id='word_1_250' title='bbox 706 3584 837 3669; x_wconf 83' lang='lat' dir='ltr'>Pyrian,</span> <span class='ocrx_word' id='word_1_251' title='bbox 854 3605 952 3667; x_wconf 90' lang='lat' dir='ltr'>quam</span> <span class='ocrx_word' id='word_1_252' title='bbox 973 3584 1072 3649; x_wconf 91' lang='lat' dir='ltr'>etiam</span> <span class='ocrx_word' id='word_1_253' title='bbox 1096 3584 1136 3649; x_wconf 90' lang='lat' dir='ltr'>ad</span> <span class='ocrx_word' id='word_1_254' title='bbox 1156 3585 1244 3649; x_wconf 90' lang='lat' dir='ltr'>idem</span> <span class='ocrx_word' id='word_1_255' title='bbox 1265 3607 1337 3669; x_wconf 92' lang='lat' dir='ltr'>pre-</span> 
     </span>
     <span class='ocr_line' id='line_1_32' title="bbox 229 3686 1335 3765; baseline -0.005 -9"><span class='ocrx_word' id='word_1_256' title='bbox 229 3688 331 3756; x_wconf 82' lang='lat' dir='ltr'>fatum</span> <span class='ocrx_word' id='word_1_257' title='bbox 347 3688 486 3753; x_wconf 87' lang='lat' dir='ltr'>concedo</span> <span class='ocrx_word' id='word_1_258' title='bbox 508 3689 751 3765; x_wconf 88' lang='lat' dir='ltr'>monasterium,</span> <span class='ocrx_word' id='word_1_259' title='bbox 770 3707 870 3750; x_wconf 87' lang='lat' dir='ltr'>unam</span> <span class='ocrx_word' id='word_1_260' title='bbox 892 3686 1021 3749; x_wconf 87' lang='lat' dir='ltr'>illarum</span> <span class='ocrx_word' id='word_1_261' title='bbox 1043 3693 1171 3752; x_wconf 88' lang='lat' dir='ltr'>constat</span> <span class='ocrx_word' id='word_1_262' title='bbox 1185 3708 1254 3751; x_wconf 91' lang='lat' dir='ltr'>esse</span> <span class='ocrx_word' id='word_1_263' title='bbox 1271 3695 1335 3752; x_wconf 89' lang='lat' dir='ltr'>ter·</span> 
     </span>
     <span class='ocr_line' id='line_1_33' title="bbox 229 3788 1335 3874; baseline -0.005 -16"><span class='ocrx_word' id='word_1_264' title='bbox 229 3813 338 3858; x_wconf 85' lang='lat' dir='ltr'>rarum</span> <span class='ocrx_word' id='word_1_265' title='bbox 356 3814 434 3874; x_wconf 86' lang='lat' dir='ltr'>quas</span> <span class='ocrx_word' id='word_1_266' title='bbox 450 3790 621 3856; x_wconf 78' lang='lat' dir='ltr'>Adelward</span> <span class='ocrx_word' id='word_1_267' title='bbox 636 3788 794 3856; x_wconf 81' lang='lat' dir='ltr'>Ceolflede</span> <span class='ocrx_word' id='word_1_268' title='bbox 818 3789 905 3852; x_wconf 89' lang='lat' dir='ltr'>filius</span> <span class='ocrx_word' id='word_1_269' title='bbox 927 3788 1009 3852; x_wconf 91' lang='lat' dir='ltr'>mihi</span> <span class='ocrx_word' id='word_1_270' title='bbox 1030 3789 1217 3854; x_wconf 88' lang='lat' dir='ltr'>eternaliter</span> <span class='ocrx_word' id='word_1_271' title='bbox 1235 3791 1335 3872; x_wconf 87' lang='lat' dir='ltr'>possi-</span> 
     </span>
     <span class='ocr_line' id='line_1_34' title="bbox 230 3890 1334 3979; baseline -0.006 -18"><span class='ocrx_word' id='word_1_272' title='bbox 230 3894 350 3961; x_wconf 88' lang='lat' dir='ltr'>dendae</span> <span class='ocrx_word' id='word_1_273' title='bbox 376 3915 433 3979; x_wconf 92' lang='lat' dir='ltr'>pro</span> <span class='ocrx_word' id='word_1_274' title='bbox 457 3915 528 3959; x_wconf 88' lang='lat' dir='ltr'>mee</span> <span class='ocrx_word' id='word_1_275' title='bbox 553 3893 685 3958; x_wconf 87' lang='lat' dir='ltr'>donavit</span> <span class='ocrx_word' id='word_1_276' title='bbox 708 3891 860 3956; x_wconf 88' lang='lat' dir='ltr'>amicitia.</span> <span class='ocrx_word' id='word_1_277' title='bbox 905 3890 1005 3955; x_wconf 92' lang='lat' dir='ltr'>Omni</span> <span class='ocrx_word' id='word_1_278' title='bbox 1019 3892 1117 3974; x_wconf 79' lang='lat' dir='ltr'>vulgo</span> <span class='ocrx_word' id='word_1_279' title='bbox 1140 3891 1236 3973; x_wconf 80' lang='lat' dir='ltr'>longe</span> <span class='ocrx_word' id='word_1_280' title='bbox 1254 3890 1334 3954; x_wconf 90' lang='lat' dir='ltr'>late-</span> 
     </span>
     <span class='ocr_line' id='line_1_35' title="bbox 231 3993 1336 4081; baseline -0.005 -19"><span class='ocrx_word' id='word_1_281' title='bbox 231 4019 292 4081; x_wconf 87' lang='lat' dir='ltr'>que</span> <span class='ocrx_word' id='word_1_282' title='bbox 310 3999 388 4062; x_wconf 89' lang='lat' dir='ltr'>satis</span> <span class='ocrx_word' id='word_1_283' title='bbox 411 4006 460 4063; x_wconf 89' lang='lat' dir='ltr'>est</span> <span class='ocrx_word' id='word_1_284' title='bbox 475 3996 641 4080; x_wconf 88' lang='lat' dir='ltr'>cognitum</span> <span class='ocrx_word' id='word_1_285' title='bbox 656 3994 794 4079; x_wconf 89' lang='lat' dir='ltr'>qualiter</span> <span class='ocrx_word' id='word_1_286' title='bbox 808 3993 877 4077; x_wconf 91' lang='lat' dir='ltr'>ipse</span> <span class='ocrx_word' id='word_1_287' title='bbox 896 4000 929 4056; x_wconf 92' lang='lat' dir='ltr'>et</span> <span class='ocrx_word' id='word_1_288' title='bbox 942 3993 1042 4058; x_wconf 85' lang='lat' dir='ltr'>frater</span> <span class='ocrx_word' id='word_1_289' title='bbox 1059 3994 1130 4076; x_wconf 88' lang='lat' dir='ltr'>ejus</span> <span class='ocrx_word' id='word_1_290' title='bbox 1151 4001 1264 4056; x_wconf 88' lang='lat' dir='ltr'>contra</span> <span class='ocrx_word' id='word_1_291' title='bbox 1283 4014 1336 4056; x_wconf 91' lang='lat' dir='ltr'>me</span> 
     </span>
    </p>
   </div>
   <div class='ocr_carea' id='block_1_3' title="bbox 229 4095 1336 4496">
    <p class='ocr_par' dir='ltr' id='par_1_3' title="bbox 229 4095 1336 4496">
     <span class='ocr_line' id='line_1_36' title="bbox 229 4095 1335 4183; baseline -0.006 -18"><span class='ocrx_word' id='word_1_292' title='bbox 229 4101 278 4166; x_wconf 88' lang='lat' dir='ltr'>rei</span> <span class='ocrx_word' id='word_1_293' title='bbox 301 4100 478 4179; x_wconf 81' lang='lat' dir='ltr'>extiterint,</span> <span class='ocrx_word' id='word_1_294' title='bbox 499 4099 700 4183; x_wconf 88' lang='lat' dir='ltr'>quahterque</span> <span class='ocrx_word' id='word_1_295' title='bbox 724 4097 819 4162; x_wconf 89' lang='lat' dir='ltr'>ambo</span> <span class='ocrx_word' id='word_1_296' title='bbox 841 4117 948 4160; x_wconf 90' lang='lat' dir='ltr'>meam</span> <span class='ocrx_word' id='word_1_297' title='bbox 971 4095 1184 4174; x_wconf 88' lang='lat' dir='ltr'>inimicitiam,</span> <span class='ocrx_word' id='word_1_298' title='bbox 1205 4095 1335 4179; x_wconf 81' lang='lat' dir='ltr'>exigen-</span> 
     </span>
     <span class='ocr_line' id='line_1_37' title="bbox 231 4198 1336 4281; baseline -0.006 -13"><span class='ocrx_word' id='word_1_299' title='bbox 231 4203 319 4270; x_wconf 89' lang='lat' dir='ltr'>tibus</span> <span class='ocrx_word' id='word_1_300' title='bbox 343 4202 410 4268; x_wconf 89' lang='lat' dir='ltr'>suis</span> <span class='ocrx_word' id='word_1_301' title='bbox 434 4202 587 4280; x_wconf 89' lang='lat' dir='ltr'>reatibus,</span> <span class='ocrx_word' id='word_1_302' title='bbox 603 4200 808 4265; x_wconf 83' lang='lat' dir='ltr'>incurrerint.</span> <span class='ocrx_word' id='word_1_303' title='bbox 856 4199 928 4262; x_wconf 89' lang='lat' dir='ltr'>Hec</span> <span class='ocrx_word' id='word_1_304' title='bbox 950 4198 1148 4281; x_wconf 78' lang='lat' dir='ltr'>prefatorum</span> <span class='ocrx_word' id='word_1_305' title='bbox 1163 4198 1336 4281; x_wconf 87' lang='lat' dir='ltr'>descriptio</span> 
     </span>
     <span class='ocr_line' id='line_1_38' title="bbox 230 4299 1334 4388; baseline -0.006 -18"><span class='ocrx_word' id='word_1_306' title='bbox 230 4315 390 4372; x_wconf 84' lang='lat' dir='ltr'>terrarum</span> <span class='ocrx_word' id='word_1_307' title='bbox 416 4305 500 4372; x_wconf 84' lang='lat' dir='ltr'>facta</span> <span class='ocrx_word' id='word_1_308' title='bbox 522 4312 571 4368; x_wconf 86' lang='lat' dir='ltr'>est</span> <span class='ocrx_word' id='word_1_309' title='bbox 595 4325 653 4388; x_wconf 90' lang='lat' dir='ltr'>per</span> <span class='ocrx_word' id='word_1_310' title='bbox 672 4301 925 4368; x_wconf 82' lang='lat' dir='ltr'>admonitionem</span> <span class='ocrx_word' id='word_1_311' title='bbox 945 4300 1071 4365; x_wconf 91' lang='lat' dir='ltr'>Ordulfi</span> <span class='ocrx_word' id='word_1_312' title='bbox 1093 4299 1241 4364; x_wconf 78' lang='lat' dir='ltr'>auunculi</span> <span class='ocrx_word' id='word_1_313' title='bbox 1259 4301 1334 4379; x_wconf 89' lang='lat' dir='ltr'>mei,</span> 
     </span>
     <span class='ocr_line' id='line_1_39' title="bbox 231 4401 1334 4496; baseline -0.008 -23"><span class='ocrx_word' id='word_1_314' title='bbox 231 4418 328 4494; x_wconf 84' lang='lat' dir='ltr'>atque</span> <span class='ocrx_word' id='word_1_315' title='bbox 342 4407 516 4496; x_wconf 74' lang='lat' dir='ltr'>Abelmari,</span> <span class='ocrx_word' id='word_1_316' title='bbox 533 4407 815 4490; x_wconf 86' lang='lat' dir='ltr'>consanguinitate</span> <span class='ocrx_word' id='word_1_317' title='bbox 828 4402 910 4468; x_wconf 92' lang='lat' dir='ltr'>mihi</span> <span class='ocrx_word' id='word_1_318' title='bbox 923 4403 1148 4486; x_wconf 84' lang='lat' dir='ltr'>conglutinati,</span> <span class='ocrx_word' id='word_1_319' title='bbox 1164 4410 1198 4468; x_wconf 90' lang='lat' dir='ltr'>et</span> <span class='ocrx_word' id='word_1_320' title='bbox 1209 4401 1334 4485; x_wconf 87' lang='lat' dir='ltr'>ngati</span> 
     </span>
    </p>
   </div>
   <div class='ocr_carea' id='block_1_4' title="bbox 0 0 1624 5125">
    <p class='ocr_par' dir='ltr' id='par_1_4' title="bbox 0 0 1624 5125">
     <span class='ocr_line' id='line_1_40' title="bbox 0 0 1624 5125; baseline 0 0"><span class='ocrx_word' id='word_1_321' title='bbox 0 0 1624 5125; x_wconf 95' lang='lat' dir='ltr'> </span> 
     </span>
    </p>
   </div>
  </div>
 </body>
</html>
