3234 5125
462 429 781 487 MISGELLANEOUS
800 429 1014 487 cHaRTERs.
1248 435 1301 486 885

195 601 451 666 munificentiam
467 602 660 686 amplificare
674 603 811 685 propriis
825 602 918 666 donis
932 601 1095 684 sategerit,
1111 609 1299 684 augmentet

194 704 243 767 illi
272 704 487 788 Omnipotens
516 705 606 768 Deus
633 703 787 787 gaudium
817 703 990 788 perhenne,
1017 703 1073 766 ubi
1102 704 1300 786 perpetuitas

196 807 294 889 viget.
339 807 375 870 Si
391 808 462 890 quis
476 827 563 885 vero,
580 805 666 890 quod
688 806 781 884 absit,
798 827 869 870 eam
892 806 1058 869 destruere
1077 805 1225 884 voluerit,
1247 806 1299 870 vel

195 907 291 992 hujus
320 909 425 972 nostri
453 908 573 972 decreti
602 907 829 987 contradictor,
859 908 1038 987 convulsor,
1062 916 1096 972 et
1125 914 1300 972 temerator

196 1011 349 1090 extiterit,
376 1019 530 1094 perpetuo
559 1010 755 1074 anathemati
786 1011 960 1095 subjaceat,
984 1010 1048 1074 nisi
1072 1011 1143 1074 Deo
1172 1018 1205 1074 et
1229 1011 1298 1094 ejus

197 1113 342 1197 gloriosae
366 1115 463 1177 matri
492 1113 590 1196 digna
618 1113 809 1197 poenitentia
837 1113 1037 1177 satisfecerit.
1093 1113 1221 1196 Scripta
1250 1121 1298 1176 est

197 1237 337 1300 namque
367 1216 437 1281 haec
469 1215 573 1294 sceda,
603 1236 656 1279 me
677 1214 823 1299 jubente,
848 1222 881 1278 et
903 1215 1044 1298 sigillata
1070 1215 1121 1278 his
1151 1215 1297 1294 testibus,

197 1339 333 1401 quorum
348 1325 499 1382 onomata
513 1318 597 1382 infra
611 1317 781 1395 habentur,
795 1317 1082 1396 consentientibus,
1095 1338 1134 1380 11.
1148 1318 1222 1381 Kal.
1233 1319 1297 1381 De·

198 1419 343 1484 cembris.

242 1525 282 1604 »14
299 1522 369 1606 Ego
385 1521 590 1601 Eadwardus,
610 1543 667 1586 rex
687 1523 758 1586 Deo
782 1521 939 1605 largiente
959 1522 1151 1605 Anglorum,
1168 1522 1296 1606 signum

197 1621 385 1686 venerandae
416 1622 519 1686 crucis
551 1622 708 1705 impressi.
777 1624 818 1703 »14
839 1623 911 1704 Ego
938 1622 1113 1704 stigandus
1142 1621 1297 1704 archiepi-

197 1744 311 1807 scopus
339 1725 490 1802 concessi,
515 1733 548 1788 et
572 1723 792 1788 confirmando
819 1724 912 1806 signo
939 1731 1059 1787 sanctae
1089 1724 1193 1788 crucis
1222 1743 1298 1787 con-

197 1825 329 1908 signavi.
376 1829 417 1908 »14
432 1827 503 1908 Ego
518 1826 713 1890 AEtielredus
733 1826 990 1909 archiepiscopus
1012 1832 1179 1908 gratanter
1192 1846 1298 1889 corro-

197 1927 317 1991 boravi.
384 1932 425 2011 »14
441 1929 511 2011 Ego
525 1928 707 1992 Wlfstanus
732 1929 900 2011 episcopus
913 1928 1031 1991 vexillo
1051 1935 1172 1992 sanctae
1195 1928 1300 1992 crucis

196 2031 380 2114 praenotavi.
419 2033 458 2113 »14
475 2032 546 2115 Ego
556 2031 645 2114 Gyso
660 2031 827 2114 episcopus
837 2036 1072 2093 consentaneus
1082 2030 1141 2094 fui.
1177 2031 1299 2112 »14Εςο

197 2133 360 2197 Walterus
374 2133 541 2217 episcopus
559 2152 750 2196 consensum
765 2131 897 2215 praebui.
958 2134 999 2213 »14
1014 2133 1086 2215 Ego
1102 2131 1300 2195 Reinbaldus

199 2235 407 2298 cancellarius
430 2234 662 2317 consigillando
684 2234 890 2298 commodum
915 2233 1005 2297 duxi.
1060 2237 1101 2316 »14
1117 2236 1188 2318 Ego
1205 2235 1299 2298 Swit-

198 2337 306 2418 garius
320 2338 465 2401 notarius
480 2337 600 2422 scripsi.
647 2339 686 2419 »14
703 2337 774 2419 Ego
789 2337 911 2399 AElsius
923 2333 1031 2400 abbas.
1077 2335 1299 2420 »141130Εώ-

197 2439 300 2502 winus
323 2439 431 2503 abbas.
500 2443 540 2522 »14
556 2440 627 2521 Ego
642 2439 842 2521 AEgelwinus
865 2438 972 2503 abbas.
1040 2441 1079 2521 »14
1096 2441 1168 2522 Ego
1183 2439 1299 2504 Baldo-

197 2540 303 2605 vinna
318 2541 425 2606 abbas.
482 2545 521 2626 »14
538 2543 609 2624 Ego
623 2540 769 2605 Alwinus
790 2541 887 2606 abbas
904 2541 967 2606 hoc
981 2564 1090 2607 meum
1106 2542 1300 2607 desiderium

197 2643 239 2706 ad
261 2644 438 2726 perfectum
468 2643 597 2722 adduxi,
621 2652 654 2707 et
678 2665 697 2706 a
718 2665 795 2726 rege
820 2643 967 2707 hilariter
990 2645 1126 2728 suscepi.
1171 2648 1212 2727 »14
1228 2647 1301 2727 Ego

198 2746 364 2809 Leotrieus
387 2746 463 2810 dux.
509 2747 637 2835 ›14Ego
654 2746 818 2809 Haroldus
841 2745 917 2809 dux.
973 2749 1013 2828 »14
1029 2747 1101 2830 Ego
1116 2747 1300 2810 Leofwinns

198 2847 272 2911 dux.
330 2851 370 2930 »14
386 2850 457 2929 Ego
481 2847 654 2911 Eadwinns
678 2846 752 2911 dux.
808 2850 849 2929 »14
866 2849 937 2930 Ego
962 2848 1146 2931 Hugelinus
1169 2848 1299 2912 cubicu-

197 2950 304 3013 larius.
359 2953 398 3033 »14
416 2951 487 3031 Ego
503 2948 668 3031 Eadgarus
690 2948 829 3013 stellare.
890 2950 929 3030 »14
946 2950 1017 3031 Ego
1033 2949 1195 3013 Robertus
1214 2950 1300 3013 filius

200 3053 369 3117 Wittman.
416 3055 456 3134 »14
473 3052 544 3135 Ego
559 3050 718 3134 Wigodus
732 3051 772 3115 de
787 3050 955 3115 Linoolne.

355 3614 451 3669 KING
469 3610 668 3667 EADWARD
686 3608 764 3663 THE
782 3608 1008 3665 OONFESSOR.
1044 3610 1143 3665 MLX.

243 3754 380 3836 Oportet
407 3774 467 3817 nos
499 3774 579 3836 quos
615 3753 704 3816 Deus
738 3753 882 3836 praeiecit
914 3754 1135 3836 temporaliter
1162 3762 1302 3818 ractores

200 3854 317 3937 populo
332 3875 390 3917 suo
404 3854 445 3917 ad
458 3875 570 3919 omnes
583 3855 687 3918 iacere
698 3854 872 3938 justiciam,
888 3856 1027 3919 maxime
1048 3865 1156 3919 autem
1176 3856 1215 3919 ad
1234 3876 1301 3917 ma·

200 3963 282 4018 trem
298 3964 416 4020 nostrae
431 3957 543 4019 salutis
557 3957 744 4034 aecclesiam,
759 3978 817 4040 per
834 3978 932 4039 qnam
946 3958 1124 4021 Christiani
1138 3956 1215 4020 facti
1229 3976 1300 4038 per-

200 4057 364 4121 veniamus
390 4058 430 4121 ad
452 4066 606 4121 reternam
630 4058 764 4122 Domini
789 4058 1051 4136 misericordiam,
1073 4059 1128 4140 qui
1143 4057 1301 4141 judicabit

200 4180 291 4241 reges
307 4169 414 4237 terrae,
430 4167 462 4223 et
482 4161 658 4223 secundum
674 4181 771 4244 opera
785 4182 844 4223 sua
857 4159 970 4223 reddet
984 4160 1167 4241 unicuique.
1213 4158 1301 4224 Qua·

198 4270 329 4346 propter
351 4284 411 4345 ego
429 4260 636 4326 AEduuardus
656 4282 711 4324 rex
728 4262 910 4343 Anglorum
931 4282 989 4344 pro
1011 4260 1087 4324 villa
1109 4260 1303 4322 Fickertuna

199 4364 275 4428 data
288 4366 322 4428 in
339 4364 448 4429 Burch
463 4366 583 4428 Sancto
598 4364 705 4441 Petro,
718 4363 817 4446 jubeo
832 4363 901 4427 fieri
916 4373 1035 4425 nostrae
1053 4359 1302 4425 confirmationis

955 4522 958 4526 .
1074 4466 1128 4526 2c
