3234 5125
305 384 386 481 aas
582 423 904 482 mscmmusous
926 420 1140 479 curamus.

306 597 491 678 Brinintofi,
507 597 654 678 Westofi,
679 598 852 681 Hebngeb,
867 597 1085 675 walamnum,
1101 616 1177 659 cum
1198 592 1349 659 omnibus
1370 592 1412 657 sd

306 701 432 766 easdem
441 702 534 766 villas
547 700 803 785 pertinentibus:
819 701 855 763 in
863 700 985 765 Welles
997 720 1124 783 quoque
1134 696 1251 780 viginti
1264 696 1412 761 homines

305 806 489 889 piscatores,
505 804 672 887 sexaginta
692 803 833 867 miliaria
853 802 1070 887 anguillarum
1089 798 1225 884 singulis
1242 798 1336 862 annis
1356 797 1410 861 de·

305 908 427 987 bentes,
444 907 485 971 ad
499 929 594 971 usum
607 907 745 971 fratrum
762 905 980 990 predictorum
984 930 994 984 3
1010 904 1156 968 Wulfina
1170 923 1252 967 uxor
1266 900 1409 985 ejusdem

306 1011 517 1090 aldremanni,
533 1009 790 1075 Branoestreiam
809 1030 885 1073 cum
906 1006 1056 1072 omnibus
1071 1005 1198 1070 adeam
1217 1004 1409 1089 pertinenti-

306 1114 365 1178 bus
376 1139 387 1192 3
420 1114 611 1177 Dunstanus
636 1112 893 1196 archiepiscopus
918 1107 1186 1188 Doroborncnsis,
1209 1106 1410 1171 Wardcbusc

305 1237 380 1280 cum
404 1216 556 1281 omnibus
581 1216 642 1280 sibi
666 1214 923 1299 pcrtinentibus3
955 1212 1122 1278 Oswaldus
1155 1210 1410 1294 archiepiscopus

305 1318 526 1398 Eboracensis,
551 1318 744 1402 Kingeston,
767 1317 802 1381 id
826 1324 885 1395 ast,
908 1316 1074 1393 Wistowe,
1098 1334 1172 1377 cum
1197 1311 1348 1376 Raveleia
1376 1318 1418 1375 et·

305 1422 386 1501 Biri,
400 1421 575 1507 berewycis
599 1421 667 1485 suis
690 1420 842 1485 omnibus
871 1417 933 1483 sibi
961 1415 1213 1501 pertinentibus3
1237 1414 1410 1479 Athelstan

304 1524 534 1603 Mannessune,
559 1523 689 1607 Slepam
712 1531 745 1587 et
769 1520 929 1600 chateris,
957 1528 990 1585 et
1019 1520 1059 1584 de
1077 1519 1256 1585 Eleswortb
1284 1524 1409 1601 partem

304 1626 506 1706 orientalem,
521 1648 595 1691 cum
617 1625 768 1689 omnibns
782 1624 845 1689 sibi
858 1621 1113 1708 pertinentibus3
1137 1620 1292 1685 Brithnot
1306 1619 1407 1683 aldre-

304 1750 428 1806 manus,
446 1728 654 1813 Wycbenton
680 1734 713 1792 et
736 1728 870 1806 Ysham,
890 1747 965 1791 cum
988 1724 1137 1789 omnibus
1161 1722 1222 1787 sibi
1247 1722 1409 1807 pertinen·

304 1830 392 1895 tibus
402 1856 412 1908 3
428 1829 629 1915 Aylfwoldus
643 1830 742 1895 fiater
750 1830 892 1915 Ailuyni
903 1828 1082 1914 prescripti,
1094 1830 1259 1905 Houcton,
1268 1825 1408 1904 Wittofi,

304 1931 492 2016 Ripmm,
511 1932 655 2011 Clintofi,
677 1941 711 1997 et
733 1932 935 2010 Bithernam,
956 1952 1030 1997 cum
1055 1930 1204 1996 omnibus
1227 1928 1289 1993 sibi
1309 1930 1407 2014 perti-

266 2104 269 2109 ,
303 2035 473 2114 uentibus3
498 2036 612 2100 Limth
634 2035 741 2115 vidue,
766 2035 897 2114 Gravet,
921 2033 1082 2115 Dilintofi,
1106 2031 1254 2112 Stoctofi,
1281 2040 1315 2097 et
1339 2032 1409 2098 Gil-

303 2139 417 2222 linger,
433 2160 508 2203 cum
522 2139 673 2204 omnibus
688 2139 750 2204 sibi
763 2137 1010 2223 pertinentibus.

348 2241 420 2306 Hec
434 2241 543 2325 itaque
557 2262 644 2320 rura,
659 2248 809 2325 utsupra
828 2241 904 2319 dixi,
920 2262 979 2325 pro
1004 2239 1207 2324 adipiscenda
1228 2237 1408 2303 dulcedinis

303 2343 410 2407 divine
443 2344 673 2423 misericordia,
706 2350 739 2408 et
768 2364 827 2428 pro
860 2343 1038 2408 stabilitate
1066 2343 1159 2427 regni
1191 2342 1266 2421 mei,
1293 2341 1408 2407 libenti

304 2446 421 2526 animo,
436 2447 471 2509 in
491 2445 567 2511 dote
586 2446 811 2530 perseverabili
828 2446 938 2525 annui,
958 2468 1032 2511 cum
1056 2446 1207 2525 ecdesiis
1222 2468 1297 2512 cum
1314 2445 1408 2509 terris

303 2550 398 2615 cultis
424 2558 457 2615 et
480 2550 622 2631 incultis,
641 2550 792 2630 exitibus,
808 2549 1000 2630 redditibus,
1023 2549 1093 2629 viis,
1111 2550 1407 2634 inviis,·segetibus,

255 2696 259 2703 -
302 2653 399 2733 silvis,
426 2653 573 2732 brueriis,
597 2653 774 2720 secundum
797 2654 947 2736 antiquos
976 2652 1033 2717 diu
1061 2661 1204 2718 servatos
1232 2654 1407 2718 confinium

301 2757 467 2836 terminos,
491 2759 527 2821 in
550 2758 661 2842 pratis,
681 2756 819 2841 pascuis,
844 2756 947 2840 aquis,
968 2777 1188 2841 equarumque
1211 2756 1406 2835 decursibus,

301 2859 480 2943 paludibus,
503 2861 657 2944 piscmiis,
677 2860 833 2940 mariscis,
851 2859 1054 2938 molendinis,
1075 2867 1109 2923 et
1130 2859 1299 2939 theloneis,
1314 2859 1355 2924 ad
1372 2881 1406 2924 se

301 2963 548 3046 pertinentibus,
564 2971 598 3027 et
616 2984 691 3028 cum
714 2963 804 3027 omni
824 2962 966 3026 utilitate
990 2983 1052 3045 que
1075 2961 1151 3026 inde
1174 2962 1294 3046 poterit
1317 2963 1406 3026 omni

300 3073 445 3149 tempore
469 3066 606 3144 evenire,
623 3073 746 3130 etcum
763 3065 914 3129 omuibus
937 3085 995 3149 per
1013 3065 1184 3129 circuitum
1206 3064 1354 3128 terminis
1373 3072 1407 3128 et

301 3167 397 3230 metis
410 3167 477 3230 suis
492 3166 532 3230 ab
547 3167 636 3250 regia
650 3167 776 3231 actione
797 3173 832 3231 et
846 3167 987 3250 angaria,
1003 3167 1055 3232 rel
1072 3189 1091 3231 a
1109 3167 1251 3250 qualibet
1266 3167 1406 3231 humane

302 3268 465 3332 servitutis
488 3268 676 3333 subactione
698 3270 871 3348 liberrima,
894 3270 975 3353 lage,
991 3269 1149 3349 libertate,
1165 3269 1406 3348 consuetudine,

300 3379 369 3434 tam
383 3370 465 3434 bene
487 3378 603 3435 ettam
617 3372 711 3456 plene
725 3374 809 3437 sicut
824 3394 862 3437 ea
877 3371 937 3436 sub
951 3371 1016 3438 mei
1027 3372 1111 3456 juris
1126 3372 1279 3453 dominio,
1295 3371 1407 3436 suffra·

300 3482 412 3556 gatore
426 3475 509 3552 Deo,
528 3475 645 3539 melius
662 3483 697 3540 et
712 3475 847 3541 liberius
865 3475 1079 3560 prenominati
1099 3476 1291 3542 nobilissimi
1305 3475 1405 3560 possi-

301 3577 419 3640 derunt
447 3577 518 3656 viri,
547 3578 655 3642 favore
689 3585 723 3642 et
758 3599 917 3643 consensu
945 3579 1122 3663 primatum
1151 3587 1184 3644 et
1212 3579 1406 3663 optimatum

300 3701 456 3759 meamus,
471 3681 692 3764 prenominata
707 3681 839 3746 ecclesie
853 3681 990 3746 firmiter
1000 3689 1155 3765 perpetuo
1169 3681 1317 3746 habenda
1330 3702 1404 3746 con·

300 3783 379 3847 cessi
395 3792 428 3848 et
442 3785 638 3849 confirmavi.

343 3888 392 3951 Ut
406 3888 507 3971 igitur
520 3888 582 3952 hoc
596 3887 780 3952 donationis
801 3909 874 3952 mee
895 3887 1060 3952 decretum
1078 3887 1182 3951 fixiori
1202 3887 1357 3952 firmitate
1371 3894 1405 3952 et

300 3988 476 4054 stabilitate
504 3989 665 4074 perduret,
690 3990 848 4075 presentis
873 3989 989 4074 pagine
1012 3989 1179 4074 privilegio
1205 3989 1342 4056 decerno
1372 3997 1405 4054 et

299 4100 417 4170 statuo,
432 4098 472 4155 ut
486 4092 553 4156 sint
573 4093 676 4157 libera
689 4100 724 4157 ct
737 4092 887 4177 expedita
907 4099 975 4156 tam
997 4093 1142 4178 predicta
1163 4095 1327 4158 territoria
1343 4093 1403 4157 ibi-

299 4193 373 4258 dem
384 4195 454 4278 jam
468 4193 553 4274 data,
570 4217 667 4278 quam
689 4215 728 4258 ea
749 4216 812 4277 que
832 4216 851 4258 a
869 4194 1016 4260 fidelibus
1032 4196 1181 4281 deinceps
1198 4204 1275 4260 sunt
1289 4195 1403 4274 danda,

297 4297 339 4361 ab
354 4298 444 4361 omni
466 4299 597 4380 angaria
618 4297 868 4362 constructionis
883 4301 991 4383 pontis
1006 4301 1127 4366 arcisve
1148 4299 1402 4377 restaurationis,

297 4407 331 4465 et
356 4400 398 4465 ab
426 4401 576 4465 omnibus
607 4401 803 4466 secularibus
827 4403 966 4467 serviciis
996 4411 1029 4467 et
1059 4403 1218 4486 operibus,
1245 4405 1290 4468 ita
1316 4402 1403 4486 quod
