3234 5125
505 428 825 484 MISOELLANEOUS
843 430 1057 485 CHARTERS.
1284 431 1335 485 327

227 622 352 685 scopus·
371 621 390 684 Ἰ
404 602 573 666 AElfwinus
588 602 753 687 episcopus
763 601 957 666 Lundoniae·
970 621 989 684 Ἰ
1002 602 1159 666 AEllsinus
1169 602 1336 686 episcopus

228 704 419 769 Wintoniae·
437 724 455 786 Ἰ
474 704 641 787 Egclrieus
665 704 833 789 episcopus
856 704 896 767 de
927 706 1103 769 Sullseaxe·
1130 724 1148 786 Ἰ
1174 705 1335 768 AElmerus

227 807 325 871 abbas
350 807 390 871 de
416 808 536 871 Sancto
550 808 748 891 Augustino·
770 825 790 888 Ἰ
811 807 974 871 Wlnollus
994 806 1092 871 abhas
1112 807 1153 871 de
1172 808 1334 871 Westmo·

226 910 379 973 nasterio·
406 929 424 992 Ἰ
445 910 614 974 AElfwinus
633 910 733 974 abbas
756 909 796 973 de
811 910 1115 974 Novomonasterio·
1141 929 1160 992 Ἰ
1177 910 1335 972 Wlfsinus

228 1011 326 1076 abhas
350 1012 390 1077 de
408 1012 565 1077 Certesie·
594 1032 614 1095 Ἰ
631 1012 694 1077 Ulf
712 1033 832 1077 comes·
852 1032 872 1095 Ἰ
889 1013 990 1095 Eglaf
1011 1033 1130 1077 comes·
1160 1031 1179 1094 Ἰ
1197 1012 1336 1076 Lifricus

228 1136 347 1179 eomes·
365 1133 384 1199 Ἰ
403 1116 567 1180 Haroldus
591 1135 710 1180 comes·
728 1133 747 1196 Ἰ
765 1116 869 1179 Yrcus
893 1135 1012 1179 comes·
1030 1133 1050 1195 Ἰ
1067 1114 1216 1179 Doredus
1239 1116 1334 1178 steal·

228 1218 307 1281 lara·
325 1238 343 1300 Ἰ
361 1218 588 1301 Agamundus·
615 1237 633 1299 Ἰ
660 1217 808 1301 Osgodus
833 1218 946 1301 Clapa·
973 1236 992 1299 Ἰ
1014 1218 1118 1300 Tofiga
1142 1217 1336 1299 JAElwinus

228 1320 314 1383 filius
329 1320 483 1384 AElfelmi·
502 1328 536 1384 et
552 1320 715 1385 Siwordus
737 1320 777 1383 de
793 1320 964 1384 Cilleham·
983 1338 1002 1401 Ἰ
1019 1320 1199 1403 AEgclricus
1218 1321 1332 1405 Bigga·

228 1440 247 1503 Ἰ
265 1422 444 1486 AElwordus
465 1423 504 1487 de
522 1424 651 1488 Cantia·
675 1442 693 1504 Ἰ
712 1421 892 1487 Eadmerus
913 1421 953 1485 de
975 1422 1155 1486 Burhham·
1181 1442 1200 1504 Ἰ
1224 1444 1336 1487 omnes

228 1525 404 1589 conciliarii
421 1526 517 1608 regis,
532 1534 600 1590 tam
616 1525 756 1589 ordinati
771 1525 968 1616 quamlaici,
984 1524 1041 1608 qui
1055 1525 1101 1588 ihi
1116 1526 1244 1589 fuerant
1259 1546 1335 1589 eon·

228 1628 362 1710 gregati.
419 1630 463 1693 Et
486 1628 603 1692 horum
626 1628 774 1692 brevium
798 1627 864 1690 tria
877 1635 982 1691 sunt:
1007 1649 1110 1690 unum
1133 1628 1169 1690 in
1192 1628 1335 1692 aeclesia

229 1728 360 1808 Christi,
376 1730 512 1794 alterum
538 1730 573 1793 in
595 1729 790 1794 monasterio
806 1729 918 1793 Sancti
940 1729 1127 1813 Augustini,
1148 1736 1181 1793 et
1200 1729 1334 1793 tertium

230 1831 264 1893 in
279 1832 429 1897 thesauro
443 1833 528 1915 regis
544 1854 618 1897 cum
633 1832 777 1916 reliquiis
792 1839 985 1896 sanctorum.

526 2096 1030 2105 .-...—-—-———-......

572 2298 670 2353 KING
689 2298 798 2353 CNUT.
836 2298 998 2352 mxxxss.

280 2449 320 2528 ᾤ
346 2447 515 2529 Regnantc
547 2447 581 2507 in
611 2452 802 2529 perpetuum
827 2444 980 2523 Domino,
1010 2444 1066 2526 qui
1095 2467 1154 2508 sua
1183 2446 1336 2511 ineffabili

232 2549 376 2632 potentia
397 2547 506 2612 omnia
528 2547 670 2632 disponit
689 2554 787 2632 atque
807 2546 978 2629 gubernat,
994 2546 1141 2631 vioesque
1154 2556 1336 2633 temporum

231 2652 462 2736 hominumque
485 2652 675 2714 mirabiliter
694 2650 888 2727 discernens,
904 2651 1145 2735 terminumque
1165 2651 1336 2733 incertum,

232 2763 327 2837 prout
356 2754 425 2818 vult
457 2753 679 2837 equanimiter
714 2753 895 2835 imponens,
921 2758 954 2815 et
984 2752 1024 2816 de
1053 2754 1183 2817 secretis
1212 2762 1337 2820 naturae

232 2857 393 2941 mysteriis
418 2855 668 2920 misericorditer
683 2855 787 2932 docet,
803 2861 842 2918 ut
859 2854 900 2918 de
922 2854 1067 2938 fugitivis
1092 2864 1125 2919 et
1146 2855 1216 2921 sine
1238 2858 1337 2922 dubio

231 2959 425 3023 transitoriis
449 2979 601 3023 mansura
629 2979 728 3041 regna
752 2957 816 3022 Dei
845 2957 999 3040 suffragio
1025 2957 1227 3041 adipiscenda
1249 2969 1335 3023 sunt.

234 3063 436 3147 Quapropter
457 3083 517 3146 ego
532 3063 630 3139 Cnut,
646 3081 702 3125 rex
717 3061 897 3144 Anglorum
917 3066 1169 3146 caeterarumque
1190 3064 1336 3146 gentium

231 3166 268 3228 in
292 3165 429 3234 circuitu
451 3165 692 3249 persistentium
712 3163 909 3246 gubernator
924 3172 957 3228 et
974 3173 1090 3243 rector,
1107 3187 1181 3230 cum
1204 3167 1338 3231 consilio

232 3276 266 3331 et
295 3266 423 3331 decreto
453 3266 682 3350 archipraesulis
708 3265 813 3329 nostri
838 3266 1014 3345 AE'delnoti,
1049 3266 1209 3351 simulque
1241 3288 1338 3333 eunc-

233 3377 340 3434 torum
359 3369 422 3434 Dei
443 3368 656 3446 sacerdotum,
675 3376 708 3432 et
728 3389 888 3432 consensu
909 3369 1103 3451 optimatum
1124 3391 1281 3450 meorum,
1296 3371 1338 3436 oh

233 3492 374 3537 amorem
390 3472 527 3536 coelestis
541 3471 642 3554 regni,
658 3477 691 3535 et
705 3470 942 3554 indulgentiam
956 3471 1131 3534 criminum
1145 3493 1291 3538 meorum
1305 3483 1339 3538 ct

233 3575 461 3639 relaxationem
486 3573 706 3658 peccaminum
732 3573 842 3636 fratris
862 3573 927 3637 mei
947 3573 1032 3657 regis
1050 3573 1245 3655 Eadmundi,
1262 3597 1337 3641 con-

235 3678 312 3742 cedo
327 3677 476 3742 acclesiae
491 3683 609 3741 sanotae
620 3676 683 3740 Dei
697 3675 863 3759 genitricis
878 3696 1066 3759 semperque
1080 3676 1213 3761 virginis
1224 3679 1340 3742 Mariae

235 3781 413 3844 Glastoniae
423 3780 499 3863 jura
513 3787 547 3843 et
557 3777 804 3841 consuetudines
818 3777 854 3841 in
868 3777 959 3841 omni
974 3798 1073 3861 regno
1084 3800 1167 3858 meo,
1180 3787 1213 3843 et
1227 3800 1339 3844 omnes

235 3883 452 3948 forisfactiuas
466 3882 612 3946 omnium
627 3889 784 3944 terrarum
800 3903 946 3959 suarum;
963 3889 997 3945 et
1006 3882 1072 3945 sint
1082 3890 1177 3945 terrae
1191 3883 1261 3966 ejus
1276 3882 1338 3947 sibi

234 3989 344 4052 libera
364 3994 397 4050 et
420 3987 534 4050 solutae
556 3984 597 4048 ah
616 3985 705 4048 omni
725 3984 909 4067 calumpnia
930 3992 963 4048 et
985 3984 1230 4066 inquietatione,
1244 3985 1339 4050 sicuti

235 4110 315 4153 meae
328 4089 427 4152 michi
443 4089 612 4152 habentur.
644 4087 768 4149 Verum
783 4086 864 4149 illud
879 4085 1035 4170 precipue
1046 4107 1085 4148 ex
1097 4086 1338 4169 Omnipotcntis

227 4185 351 4270 Patris,
376 4197 408 4254 et
426 4191 511 4267 Filii,
532 4196 565 4253 et
589 4188 730 4272 Spiritus
755 4188 868 4251 Sancti
892 4187 1094 4265 auctoritate,
1121 4196 1155 4251 et
1177 4196 1338 4272 perpetuae

234 4293 380 4376 Virginis
402 4291 629 4356 interdictione
649 4290 814 4374 prohibeo,
831 4298 864 4354 et
884 4290 1041 4353 universis
1060 4289 1151 4373 regni
1173 4291 1238 4354 mei
1259 4314 1340 4375 praea

234 4397 347 4480 positis
362 4403 395 4459 et
411 4395 612 4478 primatibus,
628 4414 723 4476 super
738 4413 831 4455 suam
853 4392 991 4455 salutem
1006 4391 1163 4475 precipio,
1178 4400 1217 4456 ut
1231 4394 1340 4459 nullus
