<?xml version="1.0" encoding="UTF-8"?>
<!DOCTYPE html PUBLIC "-//W3C//DTD XHTML 1.0 Transitional//EN"
    "http://www.w3.org/TR/xhtml1/DTD/xhtml1-transitional.dtd">
<html xmlns="http://www.w3.org/1999/xhtml" xml:lang="en" lang="en">
 <head>
  <title>
</title>
<meta http-equiv="Content-Type" content="text/html;charset=utf-8" />
  <meta name='ocr-system' content='tesseract 3.04.00' />
  <meta name='ocr-capabilities' content='ocr_page ocr_carea ocr_par ocr_line ocrx_word'/>
</head>
<body>
  <div class='ocr_page' id='page_1' title='image "./diplomatariuman02thorgoog_0378.png"; bbox 0 0 3234 5125; ppageno 0'>
   <div class='ocr_carea' id='block_1_1' title="bbox 291 410 1120 467">
    <p class='ocr_par' dir='ltr' id='par_1_1' title="bbox 291 410 1120 467">
     <span class='ocr_line' id='line_1_1' title="bbox 291 410 1120 467; baseline 0.005 -6"><span class='ocrx_word' id='word_1_1' title='bbox 291 410 344 461; x_wconf 71' lang='lat' dir='ltr'>3³ss</span> <span class='ocrx_word' id='word_1_2' title='bbox 566 411 888 467; x_wconf 81' lang='lat' dir='ltr'>MISCELLANEOUS</span> <span class='ocrx_word' id='word_1_3' title='bbox 907 410 1120 467; x_wconf 78' lang='lat' dir='ltr'>CHARTERS.</span> 
     </span>
    </p>
   </div>
   <div class='ocr_carea' id='block_1_2' title="bbox 730 606 957 661">
    <p class='ocr_par' dir='ltr' id='par_1_2' title="bbox 730 606 957 661">
     <span class='ocr_line' id='line_1_2' title="bbox 730 606 957 661; baseline -0.009 0"><span class='ocrx_word' id='word_1_4' title='bbox 730 606 828 661; x_wconf 87' lang='lat' dir='ltr'>KING</span> <span class='ocrx_word' id='word_1_5' title='bbox 846 606 957 661; x_wconf 83' lang='lat' dir='ltr'><strong>ONUT.</strong></span> 
     </span>
    </p>
   </div>
   <div class='ocr_carea' id='block_1_3' title="bbox 285 750 1398 2553">
    <p class='ocr_par' dir='ltr' id='par_1_3' title="bbox 285 750 1398 2553">
     <span class='ocr_line' id='line_1_3' title="bbox 335 750 1394 837; baseline -0.002 -22"><span class='ocrx_word' id='word_1_6' title='bbox 335 755 374 835; x_wconf 74' lang='lat'>›1‹</span> <span class='ocrx_word' id='word_1_7' title='bbox 391 754 462 835; x_wconf 86' lang='lat' dir='ltr'>Ego</span> <span class='ocrx_word' id='word_1_8' title='bbox 486 753 589 831; x_wconf 92' lang='lat' dir='ltr'>Knut,</span> <span class='ocrx_word' id='word_1_9' title='bbox 608 774 665 837; x_wconf 86' lang='lat' dir='ltr'>per</span> <span class='ocrx_word' id='word_1_10' title='bbox 685 753 748 817; x_wconf 91' lang='lat' dir='ltr'>Dei</span> <span class='ocrx_word' id='word_1_11' title='bbox 768 752 1022 817; x_wconf 86' lang='lat' dir='ltr'>misericordiam</span> <span class='ocrx_word' id='word_1_12' title='bbox 1042 752 1192 830; x_wconf 74' lang='lat' dir='ltr'>basileus,</span> <span class='ocrx_word' id='word_1_13' title='bbox 1213 750 1394 833; x_wconf 86' lang='lat' dir='ltr'>AEgelnodo</span> 
     </span>
     <span class='ocr_line' id='line_1_4' title="bbox 289 852 1393 939; baseline -0.002 -22"><span class='ocrx_word' id='word_1_14' title='bbox 289 854 536 939; x_wconf 80' lang='lat' dir='ltr'><strong>archiepiscopo,</strong></span> <span class='ocrx_word' id='word_1_15' title='bbox 567 862 600 917; x_wconf 87' lang='lat' dir='ltr'>et</span> <span class='ocrx_word' id='word_1_16' title='bbox 631 854 782 917; x_wconf 89' lang='lat' dir='ltr'>omnibus</span> <span class='ocrx_word' id='word_1_17' title='bbox 808 854 974 938; x_wconf 85' lang='lat' dir='ltr'>episeopis,</span> <span class='ocrx_word' id='word_1_18' title='bbox 1002 854 1183 930; x_wconf 79' lang='lat' dir='ltr'>abbatibus,</span> <span class='ocrx_word' id='word_1_19' title='bbox 1210 852 1393 929; x_wconf 80' lang='lat' dir='ltr'>comitibus,</span> 
     </span>
     <span class='ocr_line' id='line_1_5' title="bbox 290 943 1393 1039; baseline -0.003 -20"><span class='ocrx_word' id='word_1_20' title='bbox 290 955 543 1036; x_wconf 77' lang='lat' dir='ltr'>vicecomitibus,</span> <span class='ocrx_word' id='word_1_21' title='bbox 559 964 593 1020; x_wconf 89' lang='lat' dir='ltr'>et</span> <span class='ocrx_word' id='word_1_22' title='bbox 608 956 758 1020; x_wconf 89' lang='lat' dir='ltr'>omnibus</span> <span class='ocrx_word' id='word_1_23' title='bbox 773 956 921 1020; x_wconf 84' lang='lat' dir='ltr'>fidelibus</span> <span class='ocrx_word' id='word_1_24' title='bbox 940 956 1041 1020; x_wconf 87' lang='lat' dir='ltr'>totius</span> <span class='ocrx_word' id='word_1_25' title='bbox 1055 957 1194 1039; x_wconf 87' lang='lat' dir='ltr'>Angliae,</span> <span class='ocrx_word' id='word_1_26' title='bbox 1209 943 1344 1019; x_wconf 87' lang='lat' dir='ltr'>salutem</span> <span class='ocrx_word' id='word_1_27' title='bbox 1359 963 1393 1017; x_wconf 91' lang='lat' dir='ltr'>et</span> 
     </span>
     <span class='ocr_line' id='line_1_6' title="bbox 289 1056 1393 1141; baseline -0.003 -20"><span class='ocrx_word' id='word_1_28' title='bbox 289 1057 477 1121; x_wconf 87' lang='lat' dir='ltr'>amiciciam.</span> <span class='ocrx_word' id='word_1_29' title='bbox 525 1057 640 1121; x_wconf 87' lang='lat' dir='ltr'>Sciatis</span> <span class='ocrx_word' id='word_1_30' title='bbox 660 1078 712 1120; x_wconf 91' lang='lat' dir='ltr'>me</span> <span class='ocrx_word' id='word_1_31' title='bbox 731 1056 855 1121; x_wconf 90' lang='lat' dir='ltr'>dedisse</span> <span class='ocrx_word' id='word_1_32' title='bbox 870 1058 952 1136; x_wconf 91' lang='lat' dir='ltr'>Deo,</span> <span class='ocrx_word' id='word_1_33' title='bbox 968 1066 1002 1121; x_wconf 91' lang='lat' dir='ltr'>et</span> <span class='ocrx_word' id='word_1_34' title='bbox 1022 1060 1142 1122; x_wconf 87' lang='lat' dir='ltr'>Sancto</span> <span class='ocrx_word' id='word_1_35' title='bbox 1157 1057 1341 1141; x_wconf 81' lang='lat' dir='ltr'>Augustino</span> <span class='ocrx_word' id='word_1_36' title='bbox 1359 1065 1393 1119; x_wconf 90' lang='lat' dir='ltr'>et</span> 
     </span>
     <span class='ocr_line' id='line_1_7' title="bbox 287 1158 1392 1243; baseline 0 -22"><span class='ocrx_word' id='word_1_37' title='bbox 287 1158 449 1237; x_wconf 82' lang='lat' dir='ltr'>fratribus,</span> <span class='ocrx_word' id='word_1_38' title='bbox 465 1166 503 1222; x_wconf 92' lang='lat' dir='ltr'>ut</span> <span class='ocrx_word' id='word_1_39' title='bbox 518 1159 783 1223; x_wconf 70' lang='lat' dir='ltr'>bohemicorum</span> <span class='ocrx_word' id='word_1_40' title='bbox 798 1180 871 1223; x_wconf 85' lang='lat' dir='ltr'>saca</span> <span class='ocrx_word' id='word_1_41' title='bbox 886 1168 919 1223; x_wconf 91' lang='lat' dir='ltr'>et</span> <span class='ocrx_word' id='word_1_42' title='bbox 934 1181 1040 1238; x_wconf 86' lang='lat' dir='ltr'>socna,</span> <span class='ocrx_word' id='word_1_43' title='bbox 1056 1168 1089 1223; x_wconf 89' lang='lat' dir='ltr'>et</span> <span class='ocrx_word' id='word_1_44' title='bbox 1104 1160 1191 1243; x_wconf 90' lang='lat' dir='ltr'>pacis</span> <span class='ocrx_word' id='word_1_45' title='bbox 1205 1160 1392 1235; x_wconf 85' lang='lat' dir='ltr'>fracturam,</span> 
     </span>
     <span class='ocr_line' id='line_1_8' title="bbox 286 1260 1392 1345; baseline -0.001 -21"><span class='ocrx_word' id='word_1_46' title='bbox 286 1269 320 1325; x_wconf 92' lang='lat' dir='ltr'>et</span> <span class='ocrx_word' id='word_1_47' title='bbox 341 1283 484 1345; x_wconf 90' lang='lat' dir='ltr'>pugnam</span> <span class='ocrx_word' id='word_1_48' title='bbox 506 1262 540 1325; x_wconf 89' lang='lat' dir='ltr'>in</span> <span class='ocrx_word' id='word_1_49' title='bbox 561 1260 657 1325; x_wconf 90' lang='lat' dir='ltr'>domo</span> <span class='ocrx_word' id='word_1_50' title='bbox 680 1260 811 1337; x_wconf 86' lang='lat' dir='ltr'>factam,</span> <span class='ocrx_word' id='word_1_51' title='bbox 838 1270 871 1325; x_wconf 87' lang='lat' dir='ltr'>et</span> <span class='ocrx_word' id='word_1_52' title='bbox 894 1262 945 1325; x_wconf 85' lang='lat' dir='ltr'>vie</span> <span class='ocrx_word' id='word_1_53' title='bbox 970 1262 1119 1339; x_wconf 74' lang='lat' dir='ltr'>assaltus,</span> <span class='ocrx_word' id='word_1_54' title='bbox 1142 1270 1175 1325; x_wconf 87' lang='lat' dir='ltr'>et</span> <span class='ocrx_word' id='word_1_55' title='bbox 1196 1262 1338 1325; x_wconf 88' lang='lat' dir='ltr'>latrones</span> <span class='ocrx_word' id='word_1_56' title='bbox 1356 1261 1392 1323; x_wconf 89' lang='lat' dir='ltr'>in</span> 
     </span>
     <span class='ocr_line' id='line_1_9' title="bbox 286 1362 1392 1447; baseline -0.003 -20"><span class='ocrx_word' id='word_1_57' title='bbox 286 1364 379 1427; x_wconf 83' lang='lat' dir='ltr'>terra&#39;</span> <span class='ocrx_word' id='word_1_58' title='bbox 397 1385 456 1427; x_wconf 86' lang='lat' dir='ltr'>sue</span> <span class='ocrx_word' id='word_1_59' title='bbox 479 1370 598 1447; x_wconf 90' lang='lat' dir='ltr'>captos,</span> <span class='ocrx_word' id='word_1_60' title='bbox 626 1363 853 1445; x_wconf 82' lang='lat' dir='ltr'>latronumque</span> <span class='ocrx_word' id='word_1_61' title='bbox 883 1362 1118 1447; x_wconf 85' lang='lat' dir='ltr'>susceptionem</span> <span class='ocrx_word' id='word_1_62' title='bbox 1140 1364 1191 1426; x_wconf 90' lang='lat' dir='ltr'>vel</span> <span class='ocrx_word' id='word_1_63' title='bbox 1212 1362 1392 1446; x_wconf 85' lang='lat' dir='ltr'>pastionem</span> 
     </span>
     <span class='ocr_line' id='line_1_10' title="bbox 287 1464 1390 1550; baseline -0.002 -21"><span class='ocrx_word' id='word_1_64' title='bbox 287 1486 382 1550; x_wconf 88' lang='lat' dir='ltr'>super</span> <span class='ocrx_word' id='word_1_65' title='bbox 410 1466 540 1530; x_wconf 89' lang='lat' dir='ltr'>illorum</span> <span class='ocrx_word' id='word_1_66' title='bbox 569 1466 714 1549; x_wconf 89' lang='lat' dir='ltr'>proprios</span> <span class='ocrx_word' id='word_1_67' title='bbox 743 1464 901 1543; x_wconf 90' lang='lat' dir='ltr'>homiues,</span> <span class='ocrx_word' id='word_1_68' title='bbox 924 1465 1009 1528; x_wconf 83' lang='lat' dir='ltr'>infra</span> <span class='ocrx_word' id='word_1_69' title='bbox 1037 1465 1200 1528; x_wconf 85' lang='lat' dir='ltr'>eivitatem</span> <span class='ocrx_word' id='word_1_70' title='bbox 1230 1472 1263 1527; x_wconf 87' lang='lat' dir='ltr'>et</span> <span class='ocrx_word' id='word_1_71' title='bbox 1288 1473 1390 1542; x_wconf 87' lang='lat' dir='ltr'>extra,</span> 
     </span>
     <span class='ocr_line' id='line_1_11' title="bbox 286 1566 1391 1653; baseline -0.003 -22"><span class='ocrx_word' id='word_1_72' title='bbox 286 1569 536 1651; x_wconf 91' lang='lat' dir='ltr'>theloneumque</span> <span class='ocrx_word' id='word_1_73' title='bbox 550 1590 643 1631; x_wconf 86' lang='lat' dir='ltr'>suum</span> <span class='ocrx_word' id='word_1_74' title='bbox 660 1567 695 1631; x_wconf 92' lang='lat' dir='ltr'>in</span> <span class='ocrx_word' id='word_1_75' title='bbox 710 1576 796 1631; x_wconf 85' lang='lat' dir='ltr'>terra</span> <span class='ocrx_word' id='word_1_76' title='bbox 811 1568 894 1631; x_wconf 92' lang='lat' dir='ltr'>etin</span> <span class='ocrx_word' id='word_1_77' title='bbox 905 1589 998 1653; x_wconf 86' lang='lat' dir='ltr'>aqua,</span> <span class='ocrx_word' id='word_1_78' title='bbox 1014 1576 1111 1650; x_wconf 87' lang='lat' dir='ltr'>atque</span> <span class='ocrx_word' id='word_1_79' title='bbox 1126 1566 1391 1631; x_wconf 89' lang='lat' dir='ltr'>consuetudinem</span> 
     </span>
     <span class='ocr_line' id='line_1_12' title="bbox 287 1668 1392 1755; baseline -0.002 -22"><span class='ocrx_word' id='word_1_80' title='bbox 287 1692 349 1755; x_wconf 88' lang='lat' dir='ltr'>que</span> <span class='ocrx_word' id='word_1_81' title='bbox 373 1671 493 1735; x_wconf 88' lang='lat' dir='ltr'>dicitur</span> <span class='ocrx_word' id='word_1_82' title='bbox 516 1672 671 1748; x_wconf 86' lang='lat' dir='ltr'>theames,</span> <span class='ocrx_word' id='word_1_83' title='bbox 702 1678 736 1733; x_wconf 88' lang='lat' dir='ltr'>et</span> <span class='ocrx_word' id='word_1_84' title='bbox 765 1691 861 1753; x_wconf 90' lang='lat' dir='ltr'>super</span> <span class='ocrx_word' id='word_1_85' title='bbox 889 1691 1001 1734; x_wconf 91' lang='lat' dir='ltr'>omnes</span> <span class='ocrx_word' id='word_1_86' title='bbox 1030 1668 1210 1733; x_wconf 87' lang='lat' dir='ltr'>allodiarios</span> <span class='ocrx_word' id='word_1_87' title='bbox 1235 1690 1316 1751; x_wconf 92' lang='lat' dir='ltr'>quos</span> <span class='ocrx_word' id='word_1_88' title='bbox 1344 1669 1392 1731; x_wconf 91' lang='lat' dir='ltr'>eis</span> 
     </span>
     <span class='ocr_line' id='line_1_13' title="bbox 287 1770 1391 1855; baseline -0.002 -20"><span class='ocrx_word' id='word_1_89' title='bbox 287 1773 390 1838; x_wconf 86' lang='lat' dir='ltr'>habeo</span> <span class='ocrx_word' id='word_1_90' title='bbox 404 1773 507 1837; x_wconf 85' lang='lat' dir='ltr'>datos.</span> <span class='ocrx_word' id='word_1_91' title='bbox 554 1773 625 1837; x_wconf 88' lang='lat' dir='ltr'>Nec</span> <span class='ocrx_word' id='word_1_92' title='bbox 639 1771 712 1835; x_wconf 85' lang='lat' dir='ltr'>volo</span> <span class='ocrx_word' id='word_1_93' title='bbox 728 1772 909 1844; x_wconf 89' lang='lat' dir='ltr'>consentire</span> <span class='ocrx_word' id='word_1_94' title='bbox 925 1779 964 1835; x_wconf 91' lang='lat' dir='ltr'>ut</span> <span class='ocrx_word' id='word_1_95' title='bbox 984 1771 1099 1855; x_wconf 86' lang='lat' dir='ltr'>aliquis</span> <span class='ocrx_word' id='word_1_96' title='bbox 1118 1770 1153 1833; x_wconf 89' lang='lat' dir='ltr'>in</span> <span class='ocrx_word' id='word_1_97' title='bbox 1171 1770 1278 1853; x_wconf 88' lang='lat' dir='ltr'>aliqua</span> <span class='ocrx_word' id='word_1_98' title='bbox 1294 1792 1329 1834; x_wconf 88' lang='lat' dir='ltr'>re</span> <span class='ocrx_word' id='word_1_99' title='bbox 1350 1770 1391 1833; x_wconf 92' lang='lat' dir='ltr'>de</span> 
     </span>
     <span class='ocr_line' id='line_1_14' title="bbox 287 1873 1390 1958; baseline -0.002 -21"><span class='ocrx_word' id='word_1_100' title='bbox 287 1874 350 1937; x_wconf 91' lang='lat' dir='ltr'>biis</span> <span class='ocrx_word' id='word_1_101' title='bbox 365 1896 398 1938; x_wconf 88' lang='lat' dir='ltr'>se</span> <span class='ocrx_word' id='word_1_102' title='bbox 413 1875 619 1953; x_wconf 87' lang='lat' dir='ltr'>intromittat,</span> <span class='ocrx_word' id='word_1_103' title='bbox 634 1873 700 1937; x_wconf 89' lang='lat' dir='ltr'>nisi</span> <span class='ocrx_word' id='word_1_104' title='bbox 718 1896 830 1937; x_wconf 87' lang='lat' dir='ltr'>eorum</span> <span class='ocrx_word' id='word_1_105' title='bbox 845 1874 998 1958; x_wconf 88' lang='lat' dir='ltr'>prepositi</span> <span class='ocrx_word' id='word_1_106' title='bbox 1012 1873 1128 1957; x_wconf 91' lang='lat' dir='ltr'>quibus</span> <span class='ocrx_word' id='word_1_107' title='bbox 1143 1873 1205 1956; x_wconf 92' lang='lat' dir='ltr'>ipsi</span> <span class='ocrx_word' id='word_1_108' title='bbox 1220 1873 1288 1936; x_wconf 79' lang='lat' dir='ltr'>baec</span> <span class='ocrx_word' id='word_1_109' title='bbox 1303 1894 1390 1936; x_wconf 89' lang='lat' dir='ltr'>oom-</span> 
     </span>
     <span class='ocr_line' id='line_1_15' title="bbox 287 1976 1391 2061; baseline -0.003 -20"><span class='ocrx_word' id='word_1_110' title='bbox 287 1977 526 2055; x_wconf 86' lang='lat' dir='ltr'>mendaverint;</span> <span class='ocrx_word' id='word_1_111' title='bbox 558 1977 633 2061; x_wconf 89' lang='lat' dir='ltr'>quia</span> <span class='ocrx_word' id='word_1_112' title='bbox 656 1976 759 2040; x_wconf 86' lang='lat' dir='ltr'>babeo</span> <span class='ocrx_word' id='word_1_113' title='bbox 788 1977 847 2041; x_wconf 86' lang='lat' dir='ltr'>has</span> <span class='ocrx_word' id='word_1_114' title='bbox 875 1976 1123 2040; x_wconf 84' lang='lat' dir='ltr'>consuetudines</span> <span class='ocrx_word' id='word_1_115' title='bbox 1149 1976 1220 2039; x_wconf 90' lang='lat' dir='ltr'>Deo</span> <span class='ocrx_word' id='word_1_116' title='bbox 1243 1976 1335 2039; x_wconf 88' lang='lat' dir='ltr'>datas</span> <span class='ocrx_word' id='word_1_117' title='bbox 1358 1984 1391 2056; x_wconf 86' lang='lat' dir='ltr'>et</span> 
     </span>
     <span class='ocr_line' id='line_1_16' title="bbox 288 2079 1390 2164; baseline -0.001 -21"><span class='ocrx_word' id='word_1_118' title='bbox 288 2080 407 2143; x_wconf 85' lang='lat' dir='ltr'>Sancto</span> <span class='ocrx_word' id='word_1_119' title='bbox 431 2080 624 2163; x_wconf 84' lang='lat' dir='ltr'>Augustino,</span> <span class='ocrx_word' id='word_1_120' title='bbox 651 2101 711 2163; x_wconf 90' lang='lat' dir='ltr'>pro</span> <span class='ocrx_word' id='word_1_121' title='bbox 734 2079 955 2164; x_wconf 86' lang='lat' dir='ltr'>redemptione</span> <span class='ocrx_word' id='word_1_122' title='bbox 982 2080 1088 2143; x_wconf 89' lang='lat' dir='ltr'>anime</span> <span class='ocrx_word' id='word_1_123' title='bbox 1112 2099 1183 2142; x_wconf 88' lang='lat' dir='ltr'>mee</span> <span class='ocrx_word' id='word_1_124' title='bbox 1205 2086 1239 2142; x_wconf 88' lang='lat' dir='ltr'>et</span> <span class='ocrx_word' id='word_1_125' title='bbox 1264 2099 1390 2142; x_wconf 83' lang='lat' dir='ltr'>sueces-</span> 
     </span>
     <span class='ocr_line' id='line_1_17' title="bbox 286 2179 1391 2265; baseline -0.001 -21"><span class='ocrx_word' id='word_1_126' title='bbox 286 2204 396 2245; x_wconf 87' lang='lat' dir='ltr'>sorum</span> <span class='ocrx_word' id='word_1_127' title='bbox 411 2203 568 2261; x_wconf 88' lang='lat' dir='ltr'>meorum,</span> <span class='ocrx_word' id='word_1_128' title='bbox 586 2182 633 2245; x_wconf 88' lang='lat' dir='ltr'>ita</span> <span class='ocrx_word' id='word_1_129' title='bbox 646 2190 684 2245; x_wconf 87' lang='lat' dir='ltr'>ut</span> <span class='ocrx_word' id='word_1_130' title='bbox 699 2202 752 2245; x_wconf 85' lang='lat' dir='ltr'>eas</span> <span class='ocrx_word' id='word_1_131' title='bbox 767 2181 867 2245; x_wconf 88' lang='lat' dir='ltr'>libere</span> <span class='ocrx_word' id='word_1_132' title='bbox 887 2191 920 2245; x_wconf 87' lang='lat' dir='ltr'>et</span> <span class='ocrx_word' id='word_1_133' title='bbox 937 2182 1075 2265; x_wconf 85' lang='lat' dir='ltr'>pleniter</span> <span class='ocrx_word' id='word_1_134' title='bbox 1088 2179 1228 2244; x_wconf 88' lang='lat' dir='ltr'>babeant</span> <span class='ocrx_word' id='word_1_135' title='bbox 1242 2188 1276 2245; x_wconf 90' lang='lat' dir='ltr'>et</span> <span class='ocrx_word' id='word_1_136' title='bbox 1289 2181 1391 2263; x_wconf 88' lang='lat' dir='ltr'>possi-</span> 
     </span>
     <span class='ocr_line' id='line_1_18' title="bbox 287 2283 1398 2369; baseline -0.003 -21"><span class='ocrx_word' id='word_1_137' title='bbox 287 2285 384 2349; x_wconf 82' lang='lat' dir='ltr'>deant</span> <span class='ocrx_word' id='word_1_138' title='bbox 399 2286 634 2369; x_wconf 89' lang='lat' dir='ltr'>inperpetuum.</span> <span class='ocrx_word' id='word_1_139' title='bbox 679 2285 723 2347; x_wconf 88' lang='lat' dir='ltr'>Et</span> <span class='ocrx_word' id='word_1_140' title='bbox 744 2285 799 2368; x_wconf 91' lang='lat' dir='ltr'>qui</span> <span class='ocrx_word' id='word_1_141' title='bbox 819 2284 904 2348; x_wconf 86' lang='lat' dir='ltr'>banc</span> <span class='ocrx_word' id='word_1_142' title='bbox 923 2284 1133 2348; x_wconf 86' lang='lat' dir='ltr'>donacionem</span> <span class='ocrx_word' id='word_1_143' title='bbox 1152 2304 1258 2346; x_wconf 90' lang='lat' dir='ltr'>meam</span> <span class='ocrx_word' id='word_1_144' title='bbox 1275 2283 1398 2346; x_wconf 49' lang='lat' dir='ltr'>infrin*</span> 
     </span>
     <span class='ocr_line' id='line_1_19' title="bbox 285 2386 1389 2470; baseline -0.002 -19"><span class='ocrx_word' id='word_1_145' title='bbox 285 2408 360 2470; x_wconf 90' lang='lat' dir='ltr'>gere</span> <span class='ocrx_word' id='word_1_146' title='bbox 385 2387 435 2450; x_wconf 82' lang='lat' dir='ltr'>vel</span> <span class='ocrx_word' id='word_1_147' title='bbox 456 2387 582 2449; x_wconf 87' lang='lat' dir='ltr'>irritam</span> <span class='ocrx_word' id='word_1_148' title='bbox 606 2386 711 2449; x_wconf 82' lang='lat' dir='ltr'>facere</span> <span class='ocrx_word' id='word_1_149' title='bbox 734 2386 952 2469; x_wconf 87' lang='lat' dir='ltr'>temptaverit,</span> <span class='ocrx_word' id='word_1_150' title='bbox 973 2408 992 2449; x_wconf 95' lang='lat' dir='ltr'>a</span> <span class='ocrx_word' id='word_1_151' title='bbox 1011 2386 1080 2449; x_wconf 90' lang='lat' dir='ltr'>Deo</span> <span class='ocrx_word' id='word_1_152' title='bbox 1102 2386 1333 2469; x_wconf 90' lang='lat' dir='ltr'>Omnipotente</span> <span class='ocrx_word' id='word_1_153' title='bbox 1355 2394 1389 2449; x_wconf 86' lang='lat' dir='ltr'>et</span> 
     </span>
     <span class='ocr_line' id='line_1_20' title="bbox 286 2488 1183 2553; baseline -0.004 0"><span class='ocrx_word' id='word_1_154' title='bbox 286 2490 375 2553; x_wconf 91' lang='lat' dir='ltr'>omni</span> <span class='ocrx_word' id='word_1_155' title='bbox 390 2497 499 2553; x_wconf 82' lang='lat' dir='ltr'>saneta</span> <span class='ocrx_word' id='word_1_156' title='bbox 513 2488 646 2553; x_wconf 84' lang='lat' dir='ltr'>ecelesia</span> <span class='ocrx_word' id='word_1_157' title='bbox 660 2488 955 2552; x_wconf 83' lang='lat' dir='ltr'>excommunicatus</span> <span class='ocrx_word' id='word_1_158' title='bbox 971 2488 1023 2551; x_wconf 88' lang='lat' dir='ltr'>sit.</span> <span class='ocrx_word' id='word_1_159' title='bbox 1068 2489 1183 2551; x_wconf 89' lang='lat' dir='ltr'>Amen.</span> 
     </span>
    </p>
   </div>
   <div class='ocr_carea' id='block_1_4' title="bbox 567 2840 1124 2936">
    <p class='ocr_par' dir='ltr' id='par_1_4' title="bbox 567 2840 1124 2936">
     <span class='ocr_line' id='line_1_21' title="bbox 567 2840 1124 2936; baseline 0.002 -1"><span class='ocrx_word' id='word_1_160' title='bbox 567 2840 745 2936; x_wconf 79' lang='lat' dir='ltr'>siuwuu.</span> <span class='ocrx_word' id='word_1_161' title='bbox 783 2881 935 2935; x_wconf 78' lang='lat' dir='ltr'>ausona</span> <span class='ocrx_word' id='word_1_162' title='bbox 952 2881 1124 2936; x_wconf 74' lang='lat' dir='ltr'>mxxxvi</span> 
     </span>
    </p>
   </div>
   <div class='ocr_carea' id='block_1_5' title="bbox 284 3029 1386 4036">
    <p class='ocr_par' dir='ltr' id='par_1_5' title="bbox 284 3029 1386 4036">
     <span class='ocr_line' id='line_1_22' title="bbox 332 3029 1385 3113; baseline 0.003 -19"><span class='ocrx_word' id='word_1_163' title='bbox 332 3032 371 3112; x_wconf 74' lang='lat'>›1‹</span> <span class='ocrx_word' id='word_1_164' title='bbox 384 3030 454 3094; x_wconf 91' lang='lat' dir='ltr'>Her</span> <span class='ocrx_word' id='word_1_165' title='bbox 464 3029 619 3092; x_wconf 78' lang='lat' dir='ltr'>swutelab</span> <span class='ocrx_word' id='word_1_166' title='bbox 634 3051 677 3093; x_wconf 92' lang='lat' dir='ltr'>on</span> <span class='ocrx_word' id='word_1_167' title='bbox 691 3030 816 3093; x_wconf 75' lang='lat' dir='ltr'>bissum</span> <span class='ocrx_word' id='word_1_168' title='bbox 903 3030 943 3110; x_wconf 75' lang='lat'>›1‹</span> <span class='ocrx_word' id='word_1_169' title='bbox 961 3029 1050 3094; x_wconf 90' lang='lat' dir='ltr'>Here</span> <span class='ocrx_word' id='word_1_170' title='bbox 1079 3032 1107 3094; x_wconf 94' lang='lat' dir='ltr'>is</span> <span class='ocrx_word' id='word_1_171' title='bbox 1136 3031 1229 3095; x_wconf 86' lang='lat' dir='ltr'>made</span> <span class='ocrx_word' id='word_1_172' title='bbox 1257 3033 1385 3113; x_wconf 85' lang='lat' dir='ltr'>known,</span> 
     </span>
     <span class='ocr_line' id='line_1_23' title="bbox 286 3131 1386 3216; baseline 0.006 -22"><span class='ocrx_word' id='word_1_173' title='bbox 286 3132 417 3215; x_wconf 82' lang='lat' dir='ltr'>gewrite</span> <span class='ocrx_word' id='word_1_174' title='bbox 442 3134 463 3214; x_wconf 65' lang='grc' dir='ltr'><strong>ᾗ</strong></span> <span class='ocrx_word' id='word_1_175' title='bbox 489 3153 531 3194; x_wconf 92' lang='lat' dir='ltr'>an</span> <span class='ocrx_word' id='word_1_176' title='bbox 555 3131 731 3212; x_wconf 71' lang='lat' dir='ltr'>scirgemot</span> <span class='ocrx_word' id='word_1_177' title='bbox 757 3138 816 3194; x_wconf 82' lang='lat' dir='ltr'>saet</span> <span class='ocrx_word' id='word_1_178' title='bbox 856 3131 891 3194; x_wconf 90' lang='lat' dir='ltr'>iu</span> <span class='ocrx_word' id='word_1_179' title='bbox 910 3131 975 3194; x_wconf 87' lang='lat' dir='ltr'>this</span> <span class='ocrx_word' id='word_1_180' title='bbox 995 3134 1135 3216; x_wconf 89' lang='lat' dir='ltr'>writing,</span> <span class='ocrx_word' id='word_1_181' title='bbox 1151 3137 1223 3199; x_wconf 88' lang='lat' dir='ltr'>that</span> <span class='ocrx_word' id='word_1_182' title='bbox 1245 3158 1265 3199; x_wconf 92' lang='lat' dir='ltr'>a</span> <span class='ocrx_word' id='word_1_183' title='bbox 1286 3137 1386 3201; x_wconf 90' lang='lat' dir='ltr'>shire-</span> 
     </span>
     <span class='ocr_line' id='line_1_24' title="bbox 285 3232 1385 3321; baseline 0.007 -25"><span class='ocrx_word' id='word_1_184' title='bbox 285 3241 326 3296; x_wconf 84' lang='lat' dir='ltr'>set</span> <span class='ocrx_word' id='word_1_185' title='bbox 342 3232 817 3314; x_wconf 68' lang='lat' dir='ltr'>AEgelnollesstanebeCnutes</span> <span class='ocrx_word' id='word_1_186' title='bbox 856 3244 945 3299; x_wconf 89' lang='lat' dir='ltr'>moot</span> <span class='ocrx_word' id='word_1_187' title='bbox 955 3245 1006 3302; x_wconf 89' lang='lat' dir='ltr'>sat</span> <span class='ocrx_word' id='word_1_188' title='bbox 1018 3245 1052 3300; x_wconf 90' lang='lat' dir='ltr'>at</span> <span class='ocrx_word' id='word_1_189' title='bbox 1062 3237 1265 3321; x_wconf 81' lang='lat' dir='ltr'>AEgelnoth&#39;s</span> <span class='ocrx_word' id='word_1_190' title='bbox 1281 3247 1385 3319; x_wconf 87' lang='lat' dir='ltr'>stone,</span> 
     </span>
     <span class='ocr_line' id='line_1_25' title="bbox 287 3333 1384 3425; baseline 0.008 -28"><span class='ocrx_word' id='word_1_191' title='bbox 287 3334 376 3416; x_wconf 76' lang='lat' dir='ltr'>daege</span> <span class='ocrx_word' id='word_1_192' title='bbox 412 3333 531 3417; x_wconf 88' lang='lat' dir='ltr'>cinges.</span> <span class='ocrx_word' id='word_1_193' title='bbox 599 3333 676 3398; x_wconf 74' lang='lat' dir='ltr'>Daer</span> <span class='ocrx_word' id='word_1_194' title='bbox 715 3343 817 3398; x_wconf 86' lang='lat' dir='ltr'>saeton</span> <span class='ocrx_word' id='word_1_195' title='bbox 856 3337 891 3400; x_wconf 91' lang='lat' dir='ltr'>in</span> <span class='ocrx_word' id='word_1_196' title='bbox 923 3339 980 3402; x_wconf 87' lang='lat' dir='ltr'>the</span> <span class='ocrx_word' id='word_1_197' title='bbox 1010 3339 1073 3425; x_wconf 84' lang='lat' dir='ltr'>day</span> <span class='ocrx_word' id='word_1_198' title='bbox 1109 3340 1147 3405; x_wconf 86' lang='lat' dir='ltr'>of</span> <span class='ocrx_word' id='word_1_199' title='bbox 1173 3341 1253 3425; x_wconf 87' lang='lat' dir='ltr'>king</span> <span class='ocrx_word' id='word_1_200' title='bbox 1284 3342 1384 3406; x_wconf 88' lang='lat' dir='ltr'>Cnut.</span> 
     </span>
     <span class='ocr_line' id='line_1_26' title="bbox 286 3436 1385 3530; baseline 0.008 -30"><span class='ocrx_word' id='word_1_201' title='bbox 286 3437 456 3500; x_wconf 70' lang='lat' dir='ltr'>AEbelstan</span> <span class='ocrx_word' id='word_1_202' title='bbox 466 3437 515 3500; x_wconf 87' lang='lat' dir='ltr'>b.·</span> <span class='ocrx_word' id='word_1_203' title='bbox 532 3457 551 3518; x_wconf 62' lang='grc' dir='ltr'><strong><em>Ἰ</em></strong></span> <span class='ocrx_word' id='word_1_204' title='bbox 570 3437 677 3520; x_wconf 88' lang='lat' dir='ltr'>Ranig</span> <span class='ocrx_word' id='word_1_205' title='bbox 692 3436 815 3500; x_wconf 84' lang='lat' dir='ltr'>caldor·</span> <span class='ocrx_word' id='word_1_206' title='bbox 856 3439 959 3505; x_wconf 80' lang='lat' dir='ltr'>There</span> <span class='ocrx_word' id='word_1_207' title='bbox 985 3450 1035 3505; x_wconf 91' lang='lat' dir='ltr'>sat</span> <span class='ocrx_word' id='word_1_208' title='bbox 1053 3444 1240 3507; x_wconf 70' lang='lat' dir='ltr'>AEtbelsttn</span> <span class='ocrx_word' id='word_1_209' title='bbox 1260 3445 1385 3530; x_wconf 90' lang='lat' dir='ltr'>bisbop,</span> 
     </span>
     <span class='ocr_line' id='line_1_27' title="bbox 286 3537 1385 3628; baseline 0.009 -26"><span class='ocrx_word' id='word_1_210' title='bbox 286 3559 375 3602; x_wconf 88' lang='lat' dir='ltr'>man·</span> <span class='ocrx_word' id='word_1_211' title='bbox 403 3559 422 3620; x_wconf 65' lang='lat' dir='ltr'>p</span> <span class='ocrx_word' id='word_1_212' title='bbox 447 3537 580 3602; x_wconf 80' lang='lat' dir='ltr'>Edwine</span> <span class='ocrx_word' id='word_1_213' title='bbox 603 3541 667 3625; x_wconf 71' lang='lat' dir='ltr'>pas</span> <span class='ocrx_word' id='word_1_214' title='bbox 693 3539 815 3604; x_wconf 88' lang='lat' dir='ltr'>ealdor-</span> <span class='ocrx_word' id='word_1_215' title='bbox 857 3542 920 3606; x_wconf 86' lang='lat' dir='ltr'>end</span> <span class='ocrx_word' id='word_1_216' title='bbox 966 3545 1073 3628; x_wconf 86' lang='lat' dir='ltr'>Ranig</span> <span class='ocrx_word' id='word_1_217' title='bbox 1108 3546 1284 3626; x_wconf 89' lang='lat' dir='ltr'>aldorman,</span> <span class='ocrx_word' id='word_1_218' title='bbox 1321 3549 1385 3612; x_wconf 86' lang='lat' dir='ltr'>and</span> 
     </span>
     <span class='ocr_line' id='line_1_28' title="bbox 286 3641 1384 3732; baseline 0.011 -28"><span class='ocrx_word' id='word_1_219' title='bbox 286 3662 432 3704; x_wconf 86' lang='lat' dir='ltr'>mannes·</span> <span class='ocrx_word' id='word_1_220' title='bbox 468 3662 488 3723; x_wconf 86' lang='lat'>]</span> <span class='ocrx_word' id='word_1_221' title='bbox 528 3641 691 3706; x_wconf 86' lang='lat' dir='ltr'>Leofwine</span> <span class='ocrx_word' id='word_1_222' title='bbox 720 3643 815 3706; x_wconf 91' lang='lat' dir='ltr'>Wul-</span> <span class='ocrx_word' id='word_1_223' title='bbox 856 3645 1009 3710; x_wconf 84' lang='lat' dir='ltr'>Eadwine</span> <span class='ocrx_word' id='word_1_224' title='bbox 1026 3648 1082 3712; x_wconf 88' lang='lat' dir='ltr'>the</span> <span class='ocrx_word' id='word_1_225' title='bbox 1102 3649 1297 3715; x_wconf 90' lang='lat' dir='ltr'>aldorman’s</span> <span class='ocrx_word' id='word_1_226' title='bbox 1314 3673 1384 3732; x_wconf 91' lang='lat' dir='ltr'>son,</span> 
     </span>
     <span class='ocr_line' id='line_1_29' title="bbox 285 3742 1384 3838; baseline 0.012 -32"><span class='ocrx_word' id='word_1_227' title='bbox 285 3742 369 3826; x_wconf 89' lang='lat' dir='ltr'>siges</span> <span class='ocrx_word' id='word_1_228' title='bbox 394 3764 490 3806; x_wconf 81' lang='lat' dir='ltr'>sunn-</span> <span class='ocrx_word' id='word_1_229' title='bbox 512 3763 531 3825; x_wconf 82' lang='lat'><em>]</em></span> <span class='ocrx_word' id='word_1_230' title='bbox 557 3743 670 3807; x_wconf 81' lang='lat' dir='ltr'>Durcil</span> <span class='ocrx_word' id='word_1_231' title='bbox 691 3745 813 3808; x_wconf 69' lang='lat' dir='ltr'>Hwita·</span> <span class='ocrx_word' id='word_1_232' title='bbox 856 3749 919 3812; x_wconf 87' lang='lat' dir='ltr'>and</span> <span class='ocrx_word' id='word_1_233' title='bbox 934 3749 1097 3814; x_wconf 85' lang='lat' dir='ltr'>Leofwine</span> <span class='ocrx_word' id='word_1_234' title='bbox 1111 3753 1299 3838; x_wconf 87' lang='lat' dir='ltr'>Wulfsige&#39;s</span> <span class='ocrx_word' id='word_1_235' title='bbox 1315 3777 1384 3833; x_wconf 91' lang='lat' dir='ltr'>son,</span> 
     </span>
     <span class='ocr_line' id='line_1_30' title="bbox 284 3846 1386 3936; baseline 0.011 -28"><span class='ocrx_word' id='word_1_236' title='bbox 284 3866 303 3928; x_wconf 83' lang='lat'><em>]</em></span> <span class='ocrx_word' id='word_1_237' title='bbox 335 3847 428 3930; x_wconf 79' lang='lat' dir='ltr'>&#39;rofig</span> <span class='ocrx_word' id='word_1_238' title='bbox 456 3846 564 3910; x_wconf 88' lang='lat' dir='ltr'>Pruda</span> <span class='ocrx_word' id='word_1_239' title='bbox 592 3867 663 3910; x_wconf 90' lang='lat' dir='ltr'>com</span> <span class='ocrx_word' id='word_1_240' title='bbox 683 3849 749 3932; x_wconf 73' lang='lat' dir='ltr'>brer</span> <span class='ocrx_word' id='word_1_241' title='bbox 773 3868 816 3910; x_wconf 93' lang='lat' dir='ltr'>on</span> <span class='ocrx_word' id='word_1_242' title='bbox 856 3851 919 3914; x_wconf 86' lang='lat' dir='ltr'>and</span> <span class='ocrx_word' id='word_1_243' title='bbox 964 3852 1102 3917; x_wconf 78' lang='lat' dir='ltr'>&#39;lhurkil</span> <span class='ocrx_word' id='word_1_244' title='bbox 1145 3856 1275 3936; x_wconf 83' lang='lat' dir='ltr'>white;</span> <span class='ocrx_word' id='word_1_245' title='bbox 1321 3857 1386 3921; x_wconf 89' lang='lat' dir='ltr'>and</span> 
     </span>
     <span class='ocr_line' id='line_1_31' title="bbox 284 3947 1386 4036; baseline 0.012 -25"><span class='ocrx_word' id='word_1_246' title='bbox 284 3952 347 4034; x_wconf 73' lang='lat' dir='ltr'>bras</span> <span class='ocrx_word' id='word_1_247' title='bbox 384 3947 492 4032; x_wconf 87' lang='lat' dir='ltr'>cinges</span> <span class='ocrx_word' id='word_1_248' title='bbox 525 3948 664 4013; x_wconf 85' lang='lat' dir='ltr'>aerende·</span> <span class='ocrx_word' id='word_1_249' title='bbox 699 3968 719 4030; x_wconf 72' lang='lat' dir='ltr'>J</span> <span class='ocrx_word' id='word_1_250' title='bbox 752 3951 817 4033; x_wconf 72' lang='lat' dir='ltr'>boer</span> <span class='ocrx_word' id='word_1_251' title='bbox 855 3951 948 4036; x_wconf 80' lang='lat' dir='ltr'>Tolig</span> <span class='ocrx_word' id='word_1_252' title='bbox 958 3954 1047 4017; x_wconf 88' lang='lat' dir='ltr'>Prud</span> <span class='ocrx_word' id='word_1_253' title='bbox 1061 3976 1151 4021; x_wconf 87' lang='lat' dir='ltr'>came</span> <span class='ocrx_word' id='word_1_254' title='bbox 1166 3959 1257 4022; x_wconf 89' lang='lat' dir='ltr'>there</span> <span class='ocrx_word' id='word_1_255' title='bbox 1271 3981 1315 4023; x_wconf 91' lang='lat' dir='ltr'>on</span> <span class='ocrx_word' id='word_1_256' title='bbox 1329 3960 1386 4023; x_wconf 85' lang='lat' dir='ltr'>tbe</span> 
     </span>
    </p>
   </div>
   <div class='ocr_carea' id='block_1_6' title="bbox 189 4051 1386 4138">
    <p class='ocr_par' dir='ltr' id='par_1_6' title="bbox 189 4051 1386 4138">
     <span class='ocr_line' id='line_1_32' title="bbox 189 4051 1386 4138; baseline 0.008 -24"><span class='ocrx_word' id='word_1_257' title='bbox 189 4129 193 4136; x_wconf 26' lang='grc' dir='ltr'>ι</span> <span class='ocrx_word' id='word_1_258' title='bbox 285 4072 358 4116; x_wconf 82' lang='lat' dir='ltr'>waes</span> <span class='ocrx_word' id='word_1_259' title='bbox 395 4051 543 4136; x_wconf 86' lang='lat' dir='ltr'>Bryning</span> <span class='ocrx_word' id='word_1_260' title='bbox 574 4051 757 4134; x_wconf 70' lang='lat' dir='ltr'>soirgerefe·</span> <span class='ocrx_word' id='word_1_261' title='bbox 794 4072 814 4134; x_wconf 74' lang='lat' dir='ltr'>J</span> <span class='ocrx_word' id='word_1_262' title='bbox 854 4053 962 4138; x_wconf 81' lang='lat' dir='ltr'>king’s</span> <span class='ocrx_word' id='word_1_263' title='bbox 973 4057 1108 4137; x_wconf 87' lang='lat' dir='ltr'>errand;</span> <span class='ocrx_word' id='word_1_264' title='bbox 1131 4060 1195 4123; x_wconf 86' lang='lat' dir='ltr'>and</span> <span class='ocrx_word' id='word_1_265' title='bbox 1203 4061 1295 4125; x_wconf 87' lang='lat' dir='ltr'>there</span> <span class='ocrx_word' id='word_1_266' title='bbox 1304 4082 1386 4124; x_wconf 92' lang='lat' dir='ltr'>were</span> 
     </span>
    </p>
   </div>
   <div class='ocr_carea' id='block_1_7' title="bbox 284 4153 1386 4445">
    <p class='ocr_par' dir='ltr' id='par_1_7' title="bbox 284 4153 1386 4445">
     <span class='ocr_line' id='line_1_33' title="bbox 286 4153 1386 4242; baseline 0.01 -25"><span class='ocrx_word' id='word_1_267' title='bbox 286 4153 485 4238; x_wconf 87' lang='lat' dir='ltr'>AEgelweard</span> <span class='ocrx_word' id='word_1_268' title='bbox 496 4155 814 4236; x_wconf 81' lang='lat' dir='ltr'>retFrome·]Leof-</span> <span class='ocrx_word' id='word_1_269' title='bbox 854 4157 1003 4242; x_wconf 82' lang='lat' dir='ltr'>Bryning</span> <span class='ocrx_word' id='word_1_270' title='bbox 1060 4161 1263 4242; x_wconf 76' lang='lat' dir='ltr'>abire-reete,</span> <span class='ocrx_word' id='word_1_271' title='bbox 1322 4164 1386 4227; x_wconf 91' lang='lat' dir='ltr'>and</span> 
     </span>
     <span class='ocr_line' id='line_1_34' title="bbox 284 4253 1385 4343; baseline 0.01 -25"><span class='ocrx_word' id='word_1_272' title='bbox 284 4253 427 4319; x_wconf 79' lang='lat' dir='ltr'>winerat</span> <span class='ocrx_word' id='word_1_273' title='bbox 446 4257 611 4339; x_wconf 77' lang='lat' dir='ltr'>Prome]</span> <span class='ocrx_word' id='word_1_274' title='bbox 630 4257 815 4322; x_wconf 67' lang='lat' dir='ltr'>Godrffcaet</span> <span class='ocrx_word' id='word_1_275' title='bbox 854 4258 1054 4342; x_wconf 86' lang='lat' dir='ltr'>AEgelweard</span> <span class='ocrx_word' id='word_1_276' title='bbox 1092 4271 1126 4325; x_wconf 87' lang='lat' dir='ltr'>at</span> <span class='ocrx_word' id='word_1_277' title='bbox 1163 4265 1289 4343; x_wconf 85' lang='lat' dir='ltr'>Frome,</span> <span class='ocrx_word' id='word_1_278' title='bbox 1321 4265 1385 4329; x_wconf 88' lang='lat' dir='ltr'>and</span> 
     </span>
     <span class='ocr_line' id='line_1_35' title="bbox 286 4357 1384 4445; baseline 0.01 -25"><span class='ocrx_word' id='word_1_279' title='bbox 286 4357 393 4421; x_wconf 85' lang='lat' dir='ltr'>Stoce·</span> <span class='ocrx_word' id='word_1_280' title='bbox 418 4378 437 4438; x_wconf 60' lang='grc' dir='ltr'><strong><em>ῃ</em></strong></span> <span class='ocrx_word' id='word_1_281' title='bbox 466 4359 546 4422; x_wconf 89' lang='lat' dir='ltr'>ealle</span> <span class='ocrx_word' id='word_1_282' title='bbox 569 4361 609 4444; x_wconf 71' lang='lat' dir='ltr'>ba</span> <span class='ocrx_word' id='word_1_283' title='bbox 630 4365 749 4445; x_wconf 69' lang='lat' dir='ltr'>tegnas</span> <span class='ocrx_word' id='word_1_284' title='bbox 771 4381 815 4424; x_wconf 88' lang='lat' dir='ltr'>on</span> <span class='ocrx_word' id='word_1_285' title='bbox 855 4360 1019 4426; x_wconf 85' lang='lat' dir='ltr'>Leofwine</span> <span class='ocrx_word' id='word_1_286' title='bbox 1034 4372 1068 4426; x_wconf 87' lang='lat' dir='ltr'>at</span> <span class='ocrx_word' id='word_1_287' title='bbox 1084 4364 1384 4444; x_wconf 68' lang='lat' dir='ltr'>FremeandGod-</span> 
     </span>
    </p>
   </div>
   <div class='ocr_carea' id='block_1_8' title="bbox 0 0 1622 5125">
    <p class='ocr_par' dir='ltr' id='par_1_8' title="bbox 0 0 1622 5125">
     <span class='ocr_line' id='line_1_36' title="bbox 0 0 1622 5125; baseline 0 2"><span class='ocrx_word' id='word_1_288' title='bbox 0 0 1622 5125; x_wconf 95' lang='lat' dir='ltr'> </span> 
     </span>
    </p>
   </div>
  </div>
 </body>
</html>
