3234 5125
304 416 358 470 268
580 412 903 469 MISCELLANEOUS
922 410 1138 469 CHARTERS.

307 596 404 671 gente
429 588 555 667 ultima,
571 588 705 653 terciam
722 586 967 652 resurrectionis
985 586 1200 666 nativitatem,
1217 584 1325 651 anima
1345 606 1415 650 ecr-

304 692 376 775 pori
400 692 471 755 Deo
497 691 633 756 faciente
662 691 698 754 in
723 692 792 755 ictu
817 690 902 754 cordi
927 689 1118 755 mirabiliter
1140 689 1304 768 associata,
1327 688 1413 753 diem

302 793 479 877 judicaturi
501 794 552 857 vel
572 793 740 878 judicandi
764 793 992 877 praestolantur
1014 801 1203 871 exuemum,
1224 800 1263 856 ut
1279 791 1325 856 ibi
1343 792 1415 855 loco

307 897 425 961 celebri
447 897 589 962 Domino
607 904 719 960 nostro
742 897 823 959 Jesu
844 896 976 960 Christo
997 896 1130 979 ejusque
1152 894 1307 979 genetrici
1329 914 1413 957 sem-

306 1021 427 1085 perque
446 999 564 1083 virgini
584 999 700 1063 Mariae
722 998 881 1077 dedicato,
901 998 1077 1063 monachos
1094 1020 1160 1062 non
1179 996 1337 1062 seculares
1359 994 1414 1059 sed

307 1104 470 1187 regulares
484 1104 517 1166 in
533 1103 683 1167 omnibus
699 1109 819 1166 sanctae
833 1102 953 1186 regulae
966 1101 1226 1185 obtemperantes
1237 1098 1414 1185 praeceptis,

307 1208 443 1271 licenter
466 1207 677 1271 constitueret
704 1205 852 1288 liscisque
881 1204 1082 1269 naturalibus
1111 1204 1244 1269 devotus
1272 1203 1414 1287 locuple-

306 1316 401 1374 taret.
447 1311 528 1394 Ejus
554 1309 655 1393 igitur
683 1308 768 1373 votis
797 1307 1029 1391 applaudendo,
1053 1308 1121 1372 voti
1147 1328 1276 1391 compos
1302 1306 1414 1385 animi,

307 1421 341 1477 et
360 1412 447 1497 quod
469 1412 549 1477 fides
579 1412 738 1476 catholica
764 1417 962 1495 poposcerat,
982 1410 1156 1475 admodum
1185 1410 1289 1475 libens
1311 1410 1413 1492 tripu-

308 1514 465 1599 diansque
490 1514 643 1593 concessi,
666 1513 855 1577 admiranda
874 1534 1013 1597 namque
1032 1514 1100 1597 ejus
1123 1512 1198 1577 fidei
1220 1512 1415 1577 constancia.

306 1618 395 1681 Nam
423 1617 480 1681 illo
504 1615 540 1679 iu
568 1624 713 1700 tempore
743 1636 808 1700 qno
836 1616 989 1700 praefatus
1017 1617 1111 1681 miles
1136 1616 1246 1680 Sancti
1273 1616 1414 1699 Spiritus

308 1720 412 1803 gratia
426 1728 646 1803 compunctus,
657 1719 699 1783 ad
711 1718 874 1802 legitimos
885 1719 1115 1784 monachorum
1130 1742 1217 1799 usus,
1231 1718 1271 1783 ad
1286 1726 1415 1784 acternae

308 1824 385 1887 vitre
416 1823 555 1902 lucrum,
583 1822 645 1887 hoc
671 1828 895 1887 construxerat
929 1821 1123 1901 ooencbium,
1156 1822 1263 1893 coeteri
1294 1822 1414 1906 quique

309 1925 510 1989 infidelitatis
538 1946 621 1989 nevo
652 1924 785 2008 turpati,
818 1924 889 1988 loca
921 1932 1033 1988 sancta
1064 1924 1266 2009 dissipantes,
1296 1933 1415 1989 sanctae

309 2027 473 2111 religionis
490 2027 675 2107 monachos,
690 2026 822 2111 insipidi
839 2047 892 2090 me
908 2026 1031 2111 impote
1050 2027 1255 2112 nolenteque,
1271 2027 1415 2090 infantili

309 2130 424 2209 adhuc,
447 2138 487 2193 ut
510 2130 559 2193 ita
581 2128 696 2207 dicam,
714 2136 809 2193 aetate
830 2128 970 2211 vigente,
993 2129 1154 2209 atrociter,
1176 2130 1276 2194 veluti
1298 2130 1415 2214 pagani

307 2233 349 2296 ad
369 2240 561 2317 perpetuum
585 2232 636 2294 sui
658 2230 834 2316 dampnum
856 2231 1023 2315 fugabant.
1069 2234 1150 2317 Ejus
1167 2233 1268 2317 igitur
1283 2232 1413 2298 benivo-

306 2335 420 2400 lenciae
439 2334 656 2418 congaudens,
673 2355 821 2399 meorum
844 2335 1038 2418 optimatum
1059 2358 1137 2402 usus
1158 2336 1301 2415 consilio,
1317 2335 1414 2400 liber·

309 2438 387 2502 tatis
400 2437 604 2521 privilegium
620 2436 754 2520 praefato
767 2438 839 2501 loco
854 2445 974 2501 sancta
989 2439 1051 2503 Dei
1066 2438 1213 2523 genitrici
1229 2460 1415 2523 semperque

308 2540 427 2625 virgini
441 2540 558 2606 Marias
574 2540 690 2619 dicato,
705 2562 825 2624 magna
845 2540 944 2604 animi
964 2541 1128 2607 alacritate
1142 2541 1323 2627 tripudians
1337 2564 1413 2607 con-

278 2690 282 2697 ·
309 2645 398 2725 cedo,
410 2653 443 2710 et
457 2644 635 2710 secundum
649 2644 779 2728 patroni
793 2644 897 2709 nostri
912 2643 998 2709 beati
1013 2646 1182 2711 Benedicti
1196 2647 1414 2726 traditionem,

310 2757 382 2833 post
404 2749 531 2814 obitum
553 2747 680 2812 abbatis
708 2747 765 2831 qui
793 2769 882 2811 nunc
911 2756 1023 2812 sancto
1044 2748 1195 2832 praesidet
1213 2749 1295 2828 loco,
1317 2748 1416 2813 abbas

309 2874 349 2916 ex
371 2852 483 2916 eadem
513 2851 652 2934 eligatur
680 2851 939 2934 congregatione,
963 2851 1018 2936 qui
1041 2851 1158 2935 dignus
1180 2852 1223 2916 sit
1244 2853 1302 2916 tali
1323 2851 1415 2936 fungi

309 2956 432 3034 officio;
465 2955 617 3019 aliorsum
645 2973 721 3018 vero
749 2954 893 3033 minime,
927 2955 990 3018 nisi
1024 2955 1127 3040 culpis
1158 2957 1415 3039 promerentibus

307 3059 388 3123 inibi
411 3057 548 3122 inveniri
570 3056 751 3139 nequiverit
776 3057 832 3141 qui
858 3065 952 3140 aptus
974 3057 1017 3120 sit
1043 3057 1211 3122 animabus
1239 3058 1413 3122 lucrandis.

310 3160 408 3226 Quod
426 3161 454 3223 si
470 3159 544 3238 boc,
560 3157 646 3241 quod
664 3157 757 3238 absit,
773 3159 1000 3224 miserabiliter
1023 3161 1177 3239 evenerit,
1196 3161 1236 3224 de
1253 3162 1316 3226 alic
1336 3170 1414 3225 noto

309 3271 344 3328 et
366 3261 517 3326 familiari
541 3261 746 3340 monasterio,
773 3262 921 3325 unanimi
944 3263 1081 3326 fratrum
1105 3262 1240 3327 consilio
1265 3264 1414 3348 eligatur,

310 3366 403 3450 cujus
424 3365 491 3428 vita
511 3363 686 3447 probabilis
707 3363 865 3448 sapientia
893 3365 1037 3448 praedita,
1067 3366 1221 3449 cultuque
1249 3365 1415 3450 religionis

309 3467 433 3550 fulgida
451 3466 599 3531 fidelibus
623 3467 788 3530 clarescat.
832 3467 949 3532 linitis
974 3489 1114 3552 namque
1138 3468 1251 3533 diebus
1275 3469 1415 3534 benivoli

309 3580 344 3635 et
364 3569 533 3634 laudabilis
553 3569 624 3649 viri,
648 3570 705 3654 qui
726 3570 871 3654 specialis
896 3571 978 3636 lucri
1002 3571 1093 3656 copia
1114 3581 1262 3637 sanctum
1284 3573 1416 3656 dapsilis

310 3673 467 3738 ditaverat
488 3673 607 3752 locum,
629 3673 784 3737 laicorum
805 3694 902 3738 nemo
924 3673 1024 3757 ipsius
1046 3674 1110 3738 loci
1132 3675 1311 3739 dominium
1332 3697 1415 3760 prue-

309 3800 439 3843 sumens
462 3777 524 3842 sibi
547 3784 690 3862 usurpet.
736 3779 806 3842 Rex
829 3798 903 3842 vero
924 3801 996 3862 quae
1018 3779 1059 3843 ab
1081 3799 1120 3844 eo
1142 3781 1283 3844 Domino
1302 3789 1415 3847 nostro

311 3884 392 3946 lesu
411 3881 542 3946 Christo
563 3882 695 3964 ejusque
720 3879 871 3964 genitrici
892 3902 1080 3966 semperque
1097 3881 1215 3966 virgini
1236 3882 1353 3949 Mariae
1374 3884 1416 3950 ab

308 3994 441 4063 aterno,
457 4003 558 4066 usquc
571 3982 866 4047 remunerationem
881 3991 1120 4048 concesserunt
1134 3985 1185 4050 vel
1200 3986 1413 4066 concedenda,

307 4109 369 4153 nec
390 4086 489 4151 abbas
508 4107 569 4149 nec
589 4084 725 4169 alicujus
747 4105 891 4168 personne
915 4086 1012 4151 bomo
1031 4087 1199 4152 licenciam
1218 4089 1337 4153 habeat
1355 4111 1415 4174 pro

307 4191 442 4275 pecunia
470 4187 639 4266 vendendi,
665 4187 715 4250 vel
736 4187 837 4270 gratis
863 4188 1069 4269 ccnoedendi,
1095 4192 1145 4254 vel
1174 4191 1334 4271 mutandi,
1358 4192 1414 4255 sed

307 4302 430 4358 aeteruo
457 4292 530 4355 Deo
558 4298 686 4354 maneat
712 4289 959 4373 imperpetuum,
987 4291 1073 4375 quod
1099 4293 1129 4356 ei
1154 4314 1340 4357 concessum
1364 4295 1414 4358 vel

306 4393 546 4460 concedendum
575 4400 635 4456 est.
686 4393 813 4476 Regum
842 4414 916 4458 vero
950 4394 1130 4459 munimine
1153 4395 1313 4481 deinceps
1345 4397 1415 4482 ipse
