3234 5125
283 432 335 484 286
397 436 400 443 “
557 428 880 484 MISOELLANEOUS
902 428 1116 485 CHARTERS.

283 608 469 679 renovaret3
493 610 531 665 ut
553 600 636 665 sicut
656 601 773 666 mulier
787 601 900 685 genuit
914 610 1054 667 mortem
1067 602 1103 667 in
1117 603 1251 682 mundo,
1266 603 1316 669 ita
1334 625 1391 688 per

283 705 451 769 mulierem
467 706 562 769 enixa
571 713 621 769 est
630 704 723 769 nobis
737 704 854 769 vitain
866 706 1007 785 mund0;
1024 706 1152 771 etaient
1166 728 1224 792 per
1234 708 1389 772 delictum

282 806 364 871 Adae
389 828 501 872 omnes
526 807 717 886 corruimus,
734 808 782 871 ita
806 828 863 892 per
886 808 1106 875 obedientiam
1129 811 1253 875 Christi
1278 830 1390 875 omnes

283 911 498 988 surreximus3
522 920 554 975 et
572 912 658 975 sicut
672 930 759 975 mors
773 932 831 995 per
844 912 969 996 lignum
984 914 1128 993 intravit,
1144 915 1192 978 ita
1205 922 1238 978 et
1252 916 1320 979 rita
1333 936 1391 1000 per

282 1013 408 1098 lignum
428 1021 546 1078 sanctes
564 1014 669 1079 crucis
683 1014 782 1092 venit,
798 1022 833 1080 et
848 1016 1020 1099 antiquum
1034 1016 1203 1081 inimicum
1217 1020 1388 1103 superavit,

282 1125 315 1180 et
338 1116 431 1181 fortis
454 1117 571 1182 fortem
590 1116 742 1201 alligavit,
758 1124 792 1181 et
811 1117 847 1180 in
868 1119 935 1182 imo
951 1118 1083 1183 baratro
1101 1121 1246 1185 retrusit.
1292 1123 1388 1187 Juste

282 1219 377 1303 periit
400 1220 455 1303 qui
479 1219 601 1303 injuste
624 1220 761 1303 decepit,
786 1228 884 1304 atque
905 1242 1019 1285 omnes
1042 1223 1191 1307 antiquas
1213 1231 1338 1287 tunnas
1368 1246 1389 1288 a

281 1322 373 1385 fauce
398 1323 530 1406 pessimi
552 1322 655 1386 leonis
679 1323 806 1406 eripuit,
830 1331 864 1387 et
887 1344 980 1387 ovem
1004 1326 1162 1408 perditam
1188 1326 1223 1388 in
1245 1326 1388 1390 humeris

281 1426 399 1509 posuit,
416 1434 449 1489 et
464 1425 505 1490 ad
520 1426 686 1509 antiquam
701 1425 840 1510 patriam
854 1426 993 1506 reduxit,
1009 1434 1042 1490 et
1061 1427 1223 1492 decimum
1242 1428 1388 1492 ordinem

281 1528 437 1612 implevit.
494 1527 590 1592 Unde
614 1550 674 1611 ego
702 1528 907 1607 AE’delredus,
932 1538 1145 1613 compunctus
1169 1530 1232 1594 Dei
1260 1530 1386 1594 miseri-

282 1630 400 1708 cordia,
417 1630 518 1693 totius
535 1628 683 1694 Albionis
705 1638 959 1714 caeterarumque
980 1633 1127 1715 gentium
1148 1634 1302 1697 triviatim
1317 1654 1388 1717 per-

281 1732 465 1796 sistentium
479 1731 627 1810 basileus,
638 1733 715 1795 dum
730 1732 919 1817 plerumque
930 1736 1106 1818 cogitarem
1122 1736 1162 1799 de
1176 1735 1274 1820 hujus
1289 1737 1388 1800 seculi

281 1834 393 1899 caduci
412 1834 508 1899 rebus
530 1835 735 1913 transitoriis,
752 1836 914 1919 quomodo
932 1838 1063 1921 superni
1083 1838 1226 1902 Arbitris
1244 1839 1389 1902 examine

281 1946 398 2003 cuncta
413 1960 485 2021 quae
500 1938 650 2003 videntur
664 1960 747 2002 vana
766 1946 853 2017 sunt,
874 1948 907 2003 et
923 1962 995 2024 quas
1009 1962 1076 2004 non
1090 1942 1241 2005 videntur
1255 1950 1386 2021 aeterna,

280 2048 313 2105 et
328 2062 403 2105 cum
418 2040 611 2105 transitoriis
630 2039 727 2106 rebus
749 2050 905 2125 perpetua
919 2044 1051 2126 praemia
1065 2043 1289 2127 adquirentur:
1313 2044 1388 2110 Qua

280 2144 320 2209 de
334 2166 369 2208 re
384 2165 471 2209 nune
484 2144 642 2227 patefacio
655 2144 806 2209 omnibus
821 2145 998 2225 catholicis,
1014 2145 1101 2229 quod
1115 2168 1188 2209 cunr
1204 2147 1339 2211 masilia
1353 2155 1387 2210 et

279 2247 411 2312 licentia
433 2248 655 2331 episcoporum
680 2268 717 2311 ac
742 2247 925 2331 principum
954 2256 988 2313 et
1017 2248 1163 2313 omnium
1192 2250 1385 2333 optimatum

278 2372 435 2429 meorum,
452 2350 537 2433 quod
551 2371 609 2435 pro
625 2370 733 2414 amore
749 2350 884 2413 Domini
901 2350 1005 2413 nostri
1022 2351 1125 2415 Jhesu
1140 2351 1272 2431 Christi,
1289 2360 1386 2435 atque

279 2454 381 2519 saneti
403 2454 592 2518 confessoris
615 2452 781 2532 Germani,
803 2472 929 2516 necnon
951 2461 985 2516 et
1005 2452 1092 2517 beati
1114 2454 1225 2517 eximii
1247 2454 1386 2532 Petroci,

278 2578 337 2641 pro
362 2556 580 2640 redemptione
604 2555 720 2621 animae
744 2577 836 2635 meae,
855 2563 890 2619 et
909 2579 968 2640 pro
990 2556 1192 2622 absolutione
1213 2558 1386 2622 criminum

278 2682 435 2739 meorum,
451 2660 567 2724 donavi
582 2659 778 2744 episcopium
794 2659 946 2724 Ealdredi
961 2659 1113 2744 episcopi,
1128 2661 1162 2724 id
1177 2669 1237 2740 est,
1255 2662 1292 2725 in
1312 2683 1385 2746 pro-

277 2765 384 2828 vincia
407 2763 589 2842 Cornubiae‚
609 2771 649 2826 ut
671 2763 773 2826 libera
796 2764 850 2843 sit,
874 2763 969 2847 eique
998 2763 1144 2848 subjecta
1171 2765 1387 2849 omnibusque

278 2866 415 2950 posteris
438 2867 518 2950 ejus,
534 2873 572 2929 ut
589 2867 657 2949 ipse
679 2865 839 2948 gubernet
858 2873 956 2949 atque
976 2875 1068 2951 regat
1087 2889 1179 2931 auam
1201 2868 1385 2952 parochiam

277 2970 373 3034 sicuti
393 2969 448 3032 alii
471 2967 612 3052 episcopi
635 2967 691 3051 qui
715 2975 793 3032 sunt
814 2967 849 3031 in
871 2989 944 3032 mea
962 2969 1095 3048 ditione,
1110 2970 1263 3054 locusque
1286 2978 1384 3054 atque

277 3073 422 3156 regimen
437 3070 550 3134 Sancti
565 3069 695 3134 Petroci
710 3090 837 3154 semper
849 3071 885 3133 ιιι
899 3079 1059 3155 potestate
1073 3073 1144 3156 ejus
1167 3073 1210 3136 sit
1224 3093 1384 3138 successo·

277 3194 414 3258 rumque
437 3173 534 3236 illius.
580 3174 697 3256 Itaque
719 3173 865 3236 omnium
883 3173 1041 3257 regalium
1062 3175 1261 3240 tributorum
1283 3176 1386 3241 libera

277 3277 321 3341 sit
345 3284 440 3360 atque
465 3275 572 3339 laxata
591 3276 623 3338 vi
643 3282 829 3340 exactorum
850 3295 995 3359 operum,
1013 3277 1253 3362 poenaliumque
1275 3299 1385 3343 causa-

277 3401 360 3456 ιιιιιι,
391 3399 516 3443 necnon
547 3384 581 3441 et
612 3377 721 3442 furum
754 3378 1040 3462 comprehensione
1070 3388 1249 3464 cunctaque
1283 3381 1383 3445 seculi

277 3481 459 3566 gravedine,
475 3481 594 3564 absque
615 3481 683 3544 sola
697 3480 910 3566 expeditione,
927 3490 1026 3565 atque
1040 3481 1143 3546 libera
1156 3484 1387 3567 perpetualiter

276 3593 474 3669 permaneat.

320 3687 523 3769 Quicumque
547 3705 624 3769 ergo
647 3685 709 3750 hoc
735 3707 854 3769 augere
875 3694 973 3770 atque
995 3687 1211 3772 multiplicare
1236 3688 1385 3767 voluerit,

275 3789 449 3874 amplifieet
471 3789 559 3852 Deus
585 3788 671 3852 b'ona
696 3787 783 3852 illius
812 3789 848 3851 in
877 3789 1008 3872 regione
1031 3790 1220 3868 viventium,
1243 3811 1385 3875 paceque

201 3951 204 3958 .
274 3903 384 3958 nostra
413 3891 634 3975 conglutinata
663 3891 773 3974 vigens
803 3900 838 3954 et
865 3891 994 3969 florens,
1018 3900 1115 3974 atque
1142 3893 1228 3956 inter
1253 3894 1385 3976 agmina

274 3995 484 4061 beatitudinis
504 3993 648 4078 tripudia
669 3993 830 4072 succedat,
845 3994 902 4076 qui
917 4001 1037 4058 nostroe
1052 3995 1238 4059 donationis
1258 3995 1385 4059 muneri

274 4098 463 4164 consentiat.
502 4093 539 4160 Si
551 4096 709 4180 quievero
724 4103 792 4159 tam
807 4095 1000 4181 epilenticus
1010 4095 1218 4183 philargyriae
1233 4098 1385 4162 seductus

273 4201 425 4279 amentia,
442 4199 527 4283 quod
543 4219 609 4262 non
627 4207 787 4282 optamus,
809 4197 893 4261 hanc
914 4206 1035 4262 nostrae
1056 4199 1240 4264 elemosinae
1254 4200 1384 4285 dapsili-

273 4311 374 4366 tatem
393 4321 473 4366 ausu
488 4300 659 4365 temerario
672 4300 850 4384 infringere
871 4301 1065 4380 temtaverit,
1082 4303 1125 4365 sit
1139 4303 1208 4387 ipse
1224 4303 1384 4367 alienatus

274 4427 295 4470 a
323 4405 485 4468 consortio
514 4412 633 4467 sanctae
663 4405 726 4468 Dei
755 4405 908 4483 ecclesiae,
933 4426 1060 4468 necnon
1089 4427 1110 4469 a
1134 4407 1383 4490 participatione
